<?xml version="1.0" encoding="UTF-8" ?>
<Document xmlns="urn:iso:std:iso:20022:tech:xsd:camt.053.001.02" xmlns:xsi="http://www.w3.org/2001/XMLSchema-instance">
	<BkToCstmrStmt>
		<GrpHdr>
			<MsgId>20191007214512427334</MsgId>
			<CreDtTm>2019-10-07T19:00:00.000+02:00</CreDtTm>
			<MsgRcpt>
				<Nm>Firma a.b.s. Rechenzentrum GmbH</Nm>
				<PstlAdr>
					<AdrLine>An der Markthalle 4</AdrLine>
					<AdrLine>09111 Chemnitz</AdrLine>
				</PstlAdr>
			</MsgRcpt>
			<MsgPgntn>
				<PgNb>1</PgNb>
				<LastPgInd>true</LastPgInd>
			</MsgPgntn>
		</GrpHdr>
		<Stmt>
			<Id>34938000740400020191007214512427334</Id>
			<ElctrncSeqNb>10</ElctrncSeqNb>
			<CreDtTm>2019-10-07T19:00:00.000+02:00</CreDtTm>
			<FrToDt>
				<FrDtTm>2019-10-07T00:00:00.000+02:00</FrDtTm>
				<ToDtTm>2019-10-07T24:00:00.000+02:00</ToDtTm>
			</FrToDt>
			<Acct>
				<Id>
					<IBAN>DE25870200860007404000</IBAN>
				</Id>
				<Ccy>EUR</Ccy>
				<Ownr>
					<Nm>Firma a.b.s. Rechenzentrum GmbH</Nm>
					<PstlAdr>
						<AdrLine>An der Markthalle 4</AdrLine>
						<AdrLine>09111 Chemnitz</AdrLine>
					</PstlAdr>
				</Ownr>
				<Svcr>
					<FinInstnId>
						<BIC>HYVEDEMM497</BIC>
						<Nm>UNICREDIT BANK AG</Nm>
						<Othr>
							<Id>DE 129273380</Id>
							<Issr>UmsStId</Issr>
						</Othr>
					</FinInstnId>
				</Svcr>
			</Acct>
			<Bal>
				<Tp>
					<CdOrPrtry>
						<Cd>PRCD</Cd>
					</CdOrPrtry>
				</Tp>
				<Amt Ccy="EUR">27693.02</Amt>
				<CdtDbtInd>CRDT</CdtDbtInd>
				<Dt>
					<Dt>2019-10-04</Dt>
				</Dt>
			</Bal>
			<Bal>
				<Tp>
					<CdOrPrtry>
						<Cd>CLBD</Cd>
					</CdOrPrtry>
				</Tp>
				<Amt Ccy="EUR">30310.95</Amt>
				<CdtDbtInd>CRDT</CdtDbtInd>
				<Dt>
					<Dt>2019-10-07</Dt>
				</Dt>
			</Bal>
			<Bal>
				<Tp>
					<CdOrPrtry>
						<Cd>CLAV</Cd>
					</CdOrPrtry>
				</Tp>
				<Amt Ccy="EUR">30310.95</Amt>
				<CdtDbtInd>CRDT</CdtDbtInd>
				<Dt>
					<Dt>2019-10-07</Dt>
				</Dt>
			</Bal>
			<Ntry>
				<Amt Ccy="EUR">73.00</Amt>
				<CdtDbtInd>DBIT</CdtDbtInd>
				<Sts>BOOK</Sts>
				<BookgDt>
					<Dt>2019-10-07</Dt>
				</BookgDt>
				<ValDt>
					<Dt>2019-10-07</Dt>
				</ValDt>
				<AcctSvcrRef>0932790024289013</AcctSvcrRef>
				<BkTxCd>
					<Domn>
						<Cd>PMNT</Cd>
						<Fmly>
							<Cd>ICDT</Cd>
							<SubFmlyCd>ESCT</SubFmlyCd>
						</Fmly>
					</Domn>
					<Prtry>
						<Cd>177</Cd>
						<Issr>DK</Issr>
					</Prtry>
				</BkTxCd>
				<NtryDtls>
					<TxDtls>
						<Refs>
							<EndToEndId>NOTPROVIDED</EndToEndId>
							<ClrSysRef>VPE1910071504000000116440</ClrSysRef>
						</Refs>
						<BkTxCd>
							<Domn>
								<Cd>PMNT</Cd>
								<Fmly>
									<Cd>ICDT</Cd>
									<SubFmlyCd>ESCT</SubFmlyCd>
								</Fmly>
							</Domn>
							<Prtry>
								<Cd>NTRF+177+91</Cd>
								<Issr>DK</Issr>
							</Prtry>
						</BkTxCd>
						<RltdPties>
							<Dbtr>
								<Nm>A.B.S. RECHENZENTRUM </Nm>
							</Dbtr>
							<DbtrAcct>
								<Id>
									<IBAN>DE25870200860007404000</IBAN>
								</Id>
							</DbtrAcct>
							<Cdtr>
								<Nm>Amtsgericht Aschersleben </Nm>
							</Cdtr>
							<CdtrAcct>
								<Id>
									<IBAN>DE79810000000081001523</IBAN>
								</Id>
							</CdtrAcct>
						</RltdPties>
						<RltdAgts>
							<DbtrAgt>
								<FinInstnId>
									<BIC>HYVEDEMM497</BIC>
								</FinInstnId>
							</DbtrAgt>
							<CdtrAgt>
								<FinInstnId>
									<BIC>MARKDEF1810</BIC>
								</FinInstnId>
							</CdtrAgt>
						</RltdAgts>
						<RmtInf>
							<Ustrd>1784 805442 9 Widerspruch 313102 Krieger</Ustrd>
						</RmtInf>
					</TxDtls>
				</NtryDtls>
				<AddtlNtryInf>Ueberweisung(DirectBanking)</AddtlNtryInf>
			</Ntry>
			<Ntry>
				<Amt Ccy="EUR">102.87</Amt>
				<CdtDbtInd>DBIT</CdtDbtInd>
				<Sts>BOOK</Sts>
				<BookgDt>
					<Dt>2019-10-07</Dt>
				</BookgDt>
				<ValDt>
					<Dt>2019-10-07</Dt>
				</ValDt>
				<AcctSvcrRef>0934490071007984</AcctSvcrRef>
				<BkTxCd>
					<Domn>
						<Cd>PMNT</Cd>
						<Fmly>
							<Cd>IDDT</Cd>
							<SubFmlyCd>UPDD</SubFmlyCd>
						</Fmly>
					</Domn>
					<Prtry>
						<Cd>109</Cd>
						<Issr>DK</Issr>
					</Prtry>
				</BkTxCd>
				<NtryDtls>
					<TxDtls>
						<Refs>
							<EndToEndId>1238/37</EndToEndId>
							<TxId>19537424-0</TxId>
							<MndtId>313778</MndtId>
							<ClrSysRef>XPEIDRH191007BSWI0008570000017</ClrSysRef>
						</Refs>
						<AmtDtls>
							<InstdAmt>
								<Amt Ccy="EUR">94.87</Amt>
							</InstdAmt>
							<TxAmt>
								<Amt Ccy="EUR">102.87</Amt>
							</TxAmt>
							<PrtryAmt>
								<Tp>IBS</Tp>
								<Amt Ccy="EUR">97.87</Amt>
							</PrtryAmt>
						</AmtDtls>
						<BkTxCd>
							<Domn>
								<Cd>PMNT</Cd>
								<Fmly>
									<Cd>IDDT</Cd>
									<SubFmlyCd>UPDD</SubFmlyCd>
								</Fmly>
							</Domn>
							<Prtry>
								<Cd>NRTI+109+19</Cd>
								<Issr>DK</Issr>
							</Prtry>
						</BkTxCd>
						<Chrgs>
							<Amt Ccy="EUR">5.00</Amt>
							<Tp>
								<Prtry>
									<Id>Eigenentgelt</Id>
								</Prtry>
							</Tp>
							<Pty>
								<FinInstnId>
									<BIC>HYVEDEMM497</BIC>
								</FinInstnId>
							</Pty>
						</Chrgs>
						<Chrgs>
							<Amt Ccy="EUR">3.00</Amt>
							<Tp>
								<Prtry>
									<Id>Fremdentgelt</Id>
								</Prtry>
							</Tp>
							<Pty>
								<FinInstnId>
									<BIC>PAGMDEM1XXX</BIC>
								</FinInstnId>
							</Pty>
						</Chrgs>
						<RltdPties>
							<Dbtr>
								<Nm>MEBUCO GmbH</Nm>
								<PstlAdr>
									<Ctry>DE</Ctry>
								</PstlAdr>
							</Dbtr>
							<DbtrAcct>
								<Id>
									<IBAN>DE22700170009191151311</IBAN>
								</Id>
							</DbtrAcct>
							<Cdtr>
								<Nm>A.B.S. RECHENZENTRUM</Nm>
								<PstlAdr>
									<Ctry>DE</Ctry>
								</PstlAdr>
								<Id>
									<PrvtId>
										<Othr>
											<Id>DE8400000000356096</Id>
										</Othr>
									</PrvtId>
								</Id>
							</Cdtr>
							<CdtrAcct>
								<Id>
									<IBAN>DE25870200860007404000</IBAN>
								</Id>
							</CdtrAcct>
						</RltdPties>
						<RltdAgts>
							<DbtrAgt>
								<FinInstnId>
									<BIC>PAGMDEM1XXX</BIC>
								</FinInstnId>
							</DbtrAgt>
							<CdtrAgt>
								<FinInstnId>
									<BIC>HYVEDEMM497</BIC>
								</FinInstnId>
							</CdtrAgt>
						</RltdAgts>
						<RmtInf>
							<Ustrd>FKN 313778 RE 185106 66.55, 185110 28.32</Ustrd>
						</RmtInf>
						<RtrInf>
							<Rsn>
								<Cd>MS03</Cd>
							</Rsn>
							<AddtlInf>RETURN/REFUND Sonstige Gründe</AddtlInf>
						</RtrInf>
					</TxDtls>
				</NtryDtls>
				<AddtlNtryInf>SEPA Lastschrift-Rueckrechn</AddtlNtryInf>
			</Ntry>
			<Ntry>
				<Amt Ccy="EUR">3078.59</Amt>
				<CdtDbtInd>DBIT</CdtDbtInd>
				<Sts>BOOK</Sts>
				<BookgDt>
					<Dt>2019-10-07</Dt>
				</BookgDt>
				<ValDt>
					<Dt>2019-10-07</Dt>
				</ValDt>
				<AcctSvcrRef>0932790024289012</AcctSvcrRef>
				<BkTxCd>
					<Domn>
						<Cd>PMNT</Cd>
						<Fmly>
							<Cd>ICDT</Cd>
							<SubFmlyCd>ESCT</SubFmlyCd>
						</Fmly>
					</Domn>
					<Prtry>
						<Cd>177</Cd>
						<Issr>DK</Issr>
					</Prtry>
				</BkTxCd>
				<NtryDtls>
					<TxDtls>
						<Refs>
							<EndToEndId>NOTPROVIDED</EndToEndId>
							<ClrSysRef>VPE1910071504000000113938</ClrSysRef>
						</Refs>
						<BkTxCd>
							<Domn>
								<Cd>PMNT</Cd>
								<Fmly>
									<Cd>ICDT</Cd>
									<SubFmlyCd>ESCT</SubFmlyCd>
								</Fmly>
							</Domn>
							<Prtry>
								<Cd>NTRF+177+91</Cd>
								<Issr>DK</Issr>
							</Prtry>
						</BkTxCd>
						<RltdPties>
							<Dbtr>
								<Nm>A.B.S. RECHENZENTRUM </Nm>
							</Dbtr>
							<DbtrAcct>
								<Id>
									<IBAN>DE25870200860007404000</IBAN>
								</Id>
							</DbtrAcct>
							<Cdtr>
								<Nm>a.b.s. Rechenzentrum Muenchen </Nm>
							</Cdtr>
							<CdtrAcct>
								<Id>
									<IBAN>DE48700543060055626600</IBAN>
								</Id>
							</CdtrAcct>
						</RltdPties>
						<RltdAgts>
							<DbtrAgt>
								<FinInstnId>
									<BIC>HYVEDEMM497</BIC>
								</FinInstnId>
							</DbtrAgt>
							<CdtrAgt>
								<FinInstnId>
									<BIC>BYLADEM1WOR</BIC>
								</FinInstnId>
							</CdtrAgt>
						</RltdAgts>
						<RmtInf>
							<Ustrd>KD 700000 RE 863860 bis 863863</Ustrd>
						</RmtInf>
					</TxDtls>
				</NtryDtls>
				<AddtlNtryInf>Ueberweisung(DirectBanking)</AddtlNtryInf>
			</Ntry>
			<Ntry>
				<Amt Ccy="EUR">12.52</Amt>
				<CdtDbtInd>CRDT</CdtDbtInd>
				<Sts>BOOK</Sts>
				<BookgDt>
					<Dt>2019-10-07</Dt>
				</BookgDt>
				<ValDt>
					<Dt>2019-10-07</Dt>
				</ValDt>
				<AcctSvcrRef>0936399807002471</AcctSvcrRef>
				<BkTxCd>
					<Domn>
						<Cd>PMNT</Cd>
						<Fmly>
							<Cd>RRCT</Cd>
							<SubFmlyCd>ESCT</SubFmlyCd>
						</Fmly>
					</Domn>
					<Prtry>
						<Cd>168</Cd>
						<Issr>DK</Issr>
					</Prtry>
				</BkTxCd>
				<NtryDtls>
					<TxDtls>
						<Refs>
							<EndToEndId>NOTPROVIDED</EndToEndId>
							<TxId>SPSHDE31XXX-A1A28030767915A0</TxId>
						</Refs>
						<BkTxCd>
							<Domn>
								<Cd>PMNT</Cd>
								<Fmly>
									<Cd>RRCT</Cd>
									<SubFmlyCd>ESCT</SubFmlyCd>
								</Fmly>
							</Domn>
							<Prtry>
								<Cd>NTRF+168+0</Cd>
								<Issr>DK</Issr>
							</Prtry>
						</BkTxCd>
						<RltdPties>
							<Dbtr>
								<Nm>GABRIELE GÜNTHER</Nm>
							</Dbtr>
							<DbtrAcct>
								<Id>
									<IBAN>DE56452515150001633825</IBAN>
								</Id>
							</DbtrAcct>
							<Cdtr>
								<Nm>ABS Lohn</Nm>
							</Cdtr>
							<CdtrAcct>
								<Id>
									<IBAN>DE25870200860007404000</IBAN>
								</Id>
							</CdtrAcct>
						</RltdPties>
						<RltdAgts>
							<DbtrAgt>
								<FinInstnId>
									<BIC>SPSHDE31XXX</BIC>
								</FinInstnId>
							</DbtrAgt>
							<CdtrAgt>
								<FinInstnId>
									<BIC>HYVEDEMM497</BIC>
								</FinInstnId>
							</CdtrAgt>
						</RltdAgts>
						<RmtInf>
							<Ustrd>Rechnung 184607 FKN 313531</Ustrd>
						</RmtInf>
						<RltdDts>
							<AccptncDtTm>2019-10-07T08:32:48.076+02:00</AccptncDtTm>
						</RltdDts>
					</TxDtls>
				</NtryDtls>
				<AddtlNtryInf>SEPA Echtzeitueberweisung</AddtlNtryInf>
			</Ntry>
			<Ntry>
				<Amt Ccy="EUR">67.71</Amt>
				<CdtDbtInd>CRDT</CdtDbtInd>
				<Sts>BOOK</Sts>
				<BookgDt>
					<Dt>2019-10-07</Dt>
				</BookgDt>
				<ValDt>
					<Dt>2019-10-07</Dt>
				</ValDt>
				<AcctSvcrRef>0932690091008509</AcctSvcrRef>
				<BkTxCd>
					<Domn>
						<Cd>PMNT</Cd>
						<Fmly>
							<Cd>RCDT</Cd>
							<SubFmlyCd>ESCT</SubFmlyCd>
						</Fmly>
					</Domn>
					<Prtry>
						<Cd>166</Cd>
						<Issr>DK</Issr>
					</Prtry>
				</BkTxCd>
				<NtryDtls>
					<TxDtls>
						<Refs>
							<EndToEndId>ZV0100275826414200000002</EndToEndId>
							<TxId>CTC191007BSWI02831300029106</TxId>
							<ClrSysRef>CTC191007BSWI028313</ClrSysRef>
						</Refs>
						<BkTxCd>
							<Domn>
								<Cd>PMNT</Cd>
								<Fmly>
									<Cd>RCDT</Cd>
									<SubFmlyCd>ESCT</SubFmlyCd>
								</Fmly>
							</Domn>
							<Prtry>
								<Cd>NTRF+166+19</Cd>
								<Issr>DK</Issr>
							</Prtry>
						</BkTxCd>
						<RltdPties>
							<Dbtr>
								<Nm>EIKITA KLECKERBURG E.V.</Nm>
							</Dbtr>
							<DbtrAcct>
								<Id>
									<IBAN>DE46100100100777617102</IBAN>
								</Id>
							</DbtrAcct>
							<Cdtr>
								<Nm>a.b.s. Rechenzentrum GmbH</Nm>
							</Cdtr>
							<CdtrAcct>
								<Id>
									<IBAN>DE25870200860007404000</IBAN>
								</Id>
							</CdtrAcct>
						</RltdPties>
						<RltdAgts>
							<DbtrAgt>
								<FinInstnId>
									<BIC>PBNKDEFFXXX</BIC>
								</FinInstnId>
							</DbtrAgt>
							<CdtrAgt>
								<FinInstnId>
									<BIC>HYVEDEMM497</BIC>
								</FinInstnId>
							</CdtrAgt>
						</RltdAgts>
						<RmtInf>
							<Ustrd>185266 312793 02.10.19 925114 02.10.19 Lohn 09/19</Ustrd>
						</RmtInf>
					</TxDtls>
				</NtryDtls>
				<AddtlNtryInf>SEPA-Gutschrift</AddtlNtryInf>
			</Ntry>
			<Ntry>
				<Amt Ccy="EUR">89.19</Amt>
				<CdtDbtInd>CRDT</CdtDbtInd>
				<Sts>BOOK</Sts>
				<BookgDt>
					<Dt>2019-10-07</Dt>
				</BookgDt>
				<ValDt>
					<Dt>2019-10-07</Dt>
				</ValDt>
				<AcctSvcrRef>0932690071000483</AcctSvcrRef>
				<BkTxCd>
					<Domn>
						<Cd>PMNT</Cd>
						<Fmly>
							<Cd>RCDT</Cd>
							<SubFmlyCd>ESCT</SubFmlyCd>
						</Fmly>
					</Domn>
					<Prtry>
						<Cd>166</Cd>
						<Issr>DK</Issr>
					</Prtry>
				</BkTxCd>
				<NtryDtls>
					<TxDtls>
						<Refs>
							<TxId>CTC191007BSWI00130800037156</TxId>
							<ClrSysRef>CTC191007BSWI001308</ClrSysRef>
						</Refs>
						<BkTxCd>
							<Domn>
								<Cd>PMNT</Cd>
								<Fmly>
									<Cd>RCDT</Cd>
									<SubFmlyCd>ESCT</SubFmlyCd>
								</Fmly>
							</Domn>
							<Prtry>
								<Cd>NTRF+166+20</Cd>
								<Issr>DK</Issr>
							</Prtry>
						</BkTxCd>
						<RltdPties>
							<Dbtr>
								<Nm>CHRISTOPHER SCHADE</Nm>
							</Dbtr>
							<DbtrAcct>
								<Id>
									<IBAN>DE37120300001065382283</IBAN>
								</Id>
							</DbtrAcct>
							<Cdtr>
								<Nm>A.B.S. RECHENZENTRUM</Nm>
							</Cdtr>
							<CdtrAcct>
								<Id>
									<IBAN>DE25870200860007404000</IBAN>
								</Id>
							</CdtrAcct>
						</RltdPties>
						<RltdAgts>
							<DbtrAgt>
								<FinInstnId>
									<BIC>BYLADEM1001</BIC>
								</FinInstnId>
							</DbtrAgt>
							<CdtrAgt>
								<FinInstnId>
									<BIC>HYVEDEMM497</BIC>
								</FinInstnId>
							</CdtrAgt>
						</RltdAgts>
						<RmtInf>
							<Ustrd>RE 182652, RE 182746</Ustrd>
						</RmtInf>
					</TxDtls>
				</NtryDtls>
				<AddtlNtryInf>SEPA-Gutschrift</AddtlNtryInf>
			</Ntry>
			<Ntry>
				<Amt Ccy="EUR">5702.97</Amt>
				<CdtDbtInd>CRDT</CdtDbtInd>
				<Sts>BOOK</Sts>
				<BookgDt>
					<Dt>2019-10-07</Dt>
				</BookgDt>
				<ValDt>
					<Dt>2019-10-07</Dt>
				</ValDt>
				<AcctSvcrRef>0934490091011627</AcctSvcrRef>
				<BkTxCd>
					<Domn>
						<Cd>PMNT</Cd>
						<Fmly>
							<Cd>IDDT</Cd>
							<SubFmlyCd>ESDD</SubFmlyCd>
						</Fmly>
					</Domn>
					<Prtry>
						<Cd>192</Cd>
						<Issr>DK</Issr>
					</Prtry>
				</BkTxCd>
				<NtryDtls>
					<Btch>
						<MsgId>1239</MsgId>
						<PmtInfId>1239</PmtInfId>
						<NbOfTxs>140</NbOfTxs>
						<TtlAmt Ccy="EUR">5702.97</TtlAmt>
						<CdtDbtInd>CRDT</CdtDbtInd>
					</Btch>
					<TxDtls>
						<Refs>
							<MsgId>1239</MsgId>
							<PmtInfId>1239</PmtInfId>
							<ClrSysRef>DDB191004KMVS013019</ClrSysRef>
						</Refs>
						<BkTxCd>
							<Domn>
								<Cd>PMNT</Cd>
								<Fmly>
									<Cd>IDDT</Cd>
									<SubFmlyCd>ESDD</SubFmlyCd>
								</Fmly>
							</Domn>
							<Prtry>
								<Cd>NDDT+192+50</Cd>
								<Issr>DK</Issr>
							</Prtry>
						</BkTxCd>
						<RltdPties>
							<InitgPty>
								<Nm>a.b.s. Fil. Chemnitz</Nm>
							</InitgPty>
						</RltdPties>
						<RmtInf>
							<Ustrd>SEPA BASISLASTSCHRIFT EINGAZAHLUNGSREFERENZ 1239                                 POSTEN              140    DATEI DDB191004KMVS013019</Ustrd>
						</RmtInf>
						<RltdDts>
							<Prtry>
								<Tp>CreationDateTime of Payment Order</Tp>
								<Dt>
									<DtTm>2019-10-04T11:24:33.000+02:00</DtTm>
								</Dt>
							</Prtry>
						</RltdDts>
					</TxDtls>
				</NtryDtls>
				<AddtlNtryInf>SEPA Basislastschrift E.v.</AddtlNtryInf>
			</Ntry>
		</Stmt>
	</BkToCstmrStmt>
</Document>