<?xml version="1.0" encoding="UTF-8" ?>
<Document xmlns="urn:iso:std:iso:20022:tech:xsd:camt.053.001.02" xmlns:xsi="http://www.w3.org/2001/XMLSchema-instance">
	<BkToCstmrStmt>
		<GrpHdr>
			<MsgId>20191015213353993243</MsgId>
			<CreDtTm>2019-10-15T19:00:00.000+02:00</CreDtTm>
			<MsgRcpt>
				<Nm>Firma a.b.s. Rechenzentrum GmbH</Nm>
				<PstlAdr>
					<AdrLine>An der Markthalle 4</AdrLine>
					<AdrLine>09111 Chemnitz</AdrLine>
				</PstlAdr>
			</MsgRcpt>
			<MsgPgntn>
				<PgNb>1</PgNb>
				<LastPgInd>true</LastPgInd>
			</MsgPgntn>
		</GrpHdr>
		<Stmt>
			<Id>34938000740400020191015213353993243</Id>
			<ElctrncSeqNb>16</ElctrncSeqNb>
			<CreDtTm>2019-10-15T19:00:00.000+02:00</CreDtTm>
			<FrToDt>
				<FrDtTm>2019-10-15T00:00:00.000+02:00</FrDtTm>
				<ToDtTm>2019-10-15T24:00:00.000+02:00</ToDtTm>
			</FrToDt>
			<Acct>
				<Id>
					<IBAN>DE25870200860007404000</IBAN>
				</Id>
				<Ccy>EUR</Ccy>
				<Ownr>
					<Nm>Firma a.b.s. Rechenzentrum GmbH</Nm>
					<PstlAdr>
						<AdrLine>An der Markthalle 4</AdrLine>
						<AdrLine>09111 Chemnitz</AdrLine>
					</PstlAdr>
				</Ownr>
				<Svcr>
					<FinInstnId>
						<BIC>HYVEDEMM497</BIC>
						<Nm>UNICREDIT BANK AG</Nm>
						<Othr>
							<Id>DE 129273380</Id>
							<Issr>UmsStId</Issr>
						</Othr>
					</FinInstnId>
				</Svcr>
			</Acct>
			<Bal>
				<Tp>
					<CdOrPrtry>
						<Cd>PRCD</Cd>
					</CdOrPrtry>
				</Tp>
				<Amt Ccy="EUR">45417.59</Amt>
				<CdtDbtInd>CRDT</CdtDbtInd>
				<Dt>
					<Dt>2019-10-14</Dt>
				</Dt>
			</Bal>
			<Bal>
				<Tp>
					<CdOrPrtry>
						<Cd>CLBD</Cd>
					</CdOrPrtry>
				</Tp>
				<Amt Ccy="EUR">45273.86</Amt>
				<CdtDbtInd>CRDT</CdtDbtInd>
				<Dt>
					<Dt>2019-10-15</Dt>
				</Dt>
			</Bal>
			<Bal>
				<Tp>
					<CdOrPrtry>
						<Cd>CLAV</Cd>
					</CdOrPrtry>
				</Tp>
				<Amt Ccy="EUR">45273.86</Amt>
				<CdtDbtInd>CRDT</CdtDbtInd>
				<Dt>
					<Dt>2019-10-15</Dt>
				</Dt>
			</Bal>
			<Ntry>
				<Amt Ccy="EUR">5.99</Amt>
				<CdtDbtInd>DBIT</CdtDbtInd>
				<Sts>BOOK</Sts>
				<BookgDt>
					<Dt>2019-10-15</Dt>
				</BookgDt>
				<ValDt>
					<Dt>2019-10-15</Dt>
				</ValDt>
				<AcctSvcrRef>0934490031046025</AcctSvcrRef>
				<BkTxCd>
					<Domn>
						<Cd>PMNT</Cd>
						<Fmly>
							<Cd>RDDT</Cd>
							<SubFmlyCd>ESDD</SubFmlyCd>
						</Fmly>
					</Domn>
					<Prtry>
						<Cd>105</Cd>
						<Issr>DK</Issr>
					</Prtry>
				</BkTxCd>
				<NtryDtls>
					<TxDtls>
						<Refs>
							<EndToEndId>1913775187</EndToEndId>
							<TxId>DDA191011BSWI03586900027218</TxId>
							<MndtId>POSTAG0053000001741682</MndtId>
							<ClrSysRef>DDA191011BSWI035869</ClrSysRef>
						</Refs>
						<BkTxCd>
							<Domn>
								<Cd>PMNT</Cd>
								<Fmly>
									<Cd>RDDT</Cd>
									<SubFmlyCd>ESDD</SubFmlyCd>
								</Fmly>
							</Domn>
							<Prtry>
								<Cd>NDDT+105+19</Cd>
								<Issr>DK</Issr>
							</Prtry>
						</BkTxCd>
						<RltdPties>
							<Dbtr>
								<Nm>A.B.S. RECHENZENTRUM GMBH</Nm>
								<PstlAdr>
									<Ctry>DE</Ctry>
									<AdrLine>AN DER MARKTHALLE                                                     </AdrLine>
									<AdrLine>09111 CHEMNITZ</AdrLine>
								</PstlAdr>
							</Dbtr>
							<DbtrAcct>
								<Id>
									<IBAN>DE25870200860007404000</IBAN>
								</Id>
							</DbtrAcct>
							<Cdtr>
								<Nm>Deutsche Post AG</Nm>
								<PstlAdr>
									<Ctry>DE</Ctry>
									<AdrLine>Charles-de-Gaulle Strasse 20</AdrLine>
								</PstlAdr>
								<Id>
									<PrvtId>
										<Othr>
											<Id>DE65ZZZ00000210259</Id>
										</Othr>
									</PrvtId>
								</Id>
							</Cdtr>
							<CdtrAcct>
								<Id>
									<IBAN>DE79370100500596577506</IBAN>
								</Id>
							</CdtrAcct>
							<UltmtCdtr>
								<Nm>DEUTSCHE POST AG</Nm>
							</UltmtCdtr>
						</RltdPties>
						<RltdAgts>
							<DbtrAgt>
								<FinInstnId>
									<BIC>HYVEDEMM497</BIC>
								</FinInstnId>
							</DbtrAgt>
							<CdtrAgt>
								<FinInstnId>
									<BIC>PBNKDEFFXXX</BIC>
								</FinInstnId>
							</CdtrAgt>
						</RltdAgts>
						<Purp>
							<Cd>OTHR</Cd>
						</Purp>
						<RmtInf>
							<Ustrd>KD5060055775 2822109924 REFSAP3176243297/EFI RE7352577949 DAT10.10.2019 3176243297</Ustrd>
						</RmtInf>
					</TxDtls>
				</NtryDtls>
				<AddtlNtryInf>Lastschrift</AddtlNtryInf>
			</Ntry>
			<Ntry>
				<Amt Ccy="EUR">26.85</Amt>
				<CdtDbtInd>DBIT</CdtDbtInd>
				<Sts>BOOK</Sts>
				<BookgDt>
					<Dt>2019-10-15</Dt>
				</BookgDt>
				<ValDt>
					<Dt>2019-10-15</Dt>
				</ValDt>
				<AcctSvcrRef>0934490059037015</AcctSvcrRef>
				<BkTxCd>
					<Domn>
						<Cd>PMNT</Cd>
						<Fmly>
							<Cd>IDDT</Cd>
							<SubFmlyCd>UPDD</SubFmlyCd>
						</Fmly>
					</Domn>
					<Prtry>
						<Cd>109</Cd>
						<Issr>DK</Issr>
					</Prtry>
				</BkTxCd>
				<NtryDtls>
					<TxDtls>
						<Refs>
							<EndToEndId>1240/256</EndToEndId>
							<TxId>WELADED1REK-A7728827917809I1</TxId>
							<MndtId>313933</MndtId>
							<ClrSysRef>XPEIDRH191015BSWI0203750000561</ClrSysRef>
						</Refs>
						<AmtDtls>
							<InstdAmt>
								<Amt Ccy="EUR">16.18</Amt>
							</InstdAmt>
							<TxAmt>
								<Amt Ccy="EUR">26.85</Amt>
							</TxAmt>
							<PrtryAmt>
								<Tp>IBS</Tp>
								<Amt Ccy="EUR">19.18</Amt>
							</PrtryAmt>
						</AmtDtls>
						<BkTxCd>
							<Domn>
								<Cd>PMNT</Cd>
								<Fmly>
									<Cd>IDDT</Cd>
									<SubFmlyCd>UPDD</SubFmlyCd>
								</Fmly>
							</Domn>
							<Prtry>
								<Cd>NRTI+109+19</Cd>
								<Issr>DK</Issr>
							</Prtry>
						</BkTxCd>
						<Chrgs>
							<Amt Ccy="EUR">7.67</Amt>
							<Tp>
								<Prtry>
									<Id>Eigenentgelt</Id>
								</Prtry>
							</Tp>
							<Pty>
								<FinInstnId>
									<BIC>HYVEDEMM497</BIC>
								</FinInstnId>
							</Pty>
						</Chrgs>
						<Chrgs>
							<Amt Ccy="EUR">3.00</Amt>
							<Tp>
								<Prtry>
									<Id>Fremdentgelt</Id>
								</Prtry>
							</Tp>
							<Pty>
								<FinInstnId>
									<BIC>WELADED1REK</BIC>
								</FinInstnId>
							</Pty>
						</Chrgs>
						<RltdPties>
							<Dbtr>
								<Nm>Getraenke Liss</Nm>
							</Dbtr>
							<DbtrAcct>
								<Id>
									<IBAN>DE50426501501000049559</IBAN>
								</Id>
							</DbtrAcct>
							<Cdtr>
								<Nm>A.B.S. RECHENZENTRUM</Nm>
								<Id>
									<PrvtId>
										<Othr>
											<Id>DE8400000000356096</Id>
										</Othr>
									</PrvtId>
								</Id>
							</Cdtr>
							<CdtrAcct>
								<Id>
									<IBAN>DE25870200860007404000</IBAN>
								</Id>
							</CdtrAcct>
						</RltdPties>
						<RltdAgts>
							<DbtrAgt>
								<FinInstnId>
									<BIC>WELADED1REK</BIC>
								</FinInstnId>
							</DbtrAgt>
							<CdtrAgt>
								<FinInstnId>
									<BIC>HYVEDEMM497</BIC>
								</FinInstnId>
							</CdtrAgt>
						</RltdAgts>
						<RmtInf>
							<Ustrd>FKN 313933 RE 185665 8.09, 185666 8.09</Ustrd>
						</RmtInf>
						<RtrInf>
							<Rsn>
								<Cd>MS03</Cd>
							</Rsn>
							<AddtlInf>RETURN/REFUND Sonstige Gründe</AddtlInf>
						</RtrInf>
					</TxDtls>
				</NtryDtls>
				<AddtlNtryInf>SEPA Lastschrift-Rueckrechn</AddtlNtryInf>
			</Ntry>
			<Ntry>
				<Amt Ccy="EUR">77.00</Amt>
				<CdtDbtInd>DBIT</CdtDbtInd>
				<Sts>BOOK</Sts>
				<BookgDt>
					<Dt>2019-10-15</Dt>
				</BookgDt>
				<ValDt>
					<Dt>2019-10-15</Dt>
				</ValDt>
				<AcctSvcrRef>0935890058279641</AcctSvcrRef>
				<BkTxCd>
					<Domn>
						<Cd>PMNT</Cd>
						<Fmly>
							<Cd>CCRD</Cd>
							<SubFmlyCd>POSD</SubFmlyCd>
						</Fmly>
					</Domn>
					<Prtry>
						<Cd>106</Cd>
						<Issr>DK</Issr>
					</Prtry>
				</BkTxCd>
				<NtryDtls>
					<TxDtls>
						<Refs>
							<EndToEndId>55704776000066141019215432</EndToEndId>
							<TxId>DDA191015BSWC01808100052311</TxId>
							<MndtId>555215</MndtId>
							<ClrSysRef>DDA191015BSWC018081</ClrSysRef>
						</Refs>
						<BkTxCd>
							<Domn>
								<Cd>PMNT</Cd>
								<Fmly>
									<Cd>CCRD</Cd>
									<SubFmlyCd>POSD</SubFmlyCd>
								</Fmly>
							</Domn>
							<Prtry>
								<Cd>NMSC+106+19</Cd>
								<Issr>DK</Issr>
							</Prtry>
						</BkTxCd>
						<RltdPties>
							<Dbtr>
								<Nm>ISSUER</Nm>
								<Id>
									<OrgId>
										<Othr>
											<Id>67222105</Id>
										</Othr>
									</OrgId>
								</Id>
							</Dbtr>
							<DbtrAcct>
								<Id>
									<IBAN>DE25870200860007404000</IBAN>
								</Id>
							</DbtrAcct>
							<Cdtr>
								<Nm>MAX-LOUIS FK</Nm>
								<Id>
									<PrvtId>
										<Othr>
											<Id>DE18ZZZ00002251500</Id>
										</Othr>
									</PrvtId>
								</Id>
							</Cdtr>
							<CdtrAcct>
								<Id>
									<IBAN>DE68870500000710069170</IBAN>
								</Id>
							</CdtrAcct>
							<UltmtCdtr>
								<Nm>MAX-LOUIS FK//Chemnit/DE</Nm>
								<Id>
									<OrgId>
										<Othr>
											<Id>DE18ZZZ00002251500</Id>
											<SchmeNm>
												<Prtry>SEPA</Prtry>
											</SchmeNm>
										</Othr>
									</OrgId>
								</Id>
							</UltmtCdtr>
						</RltdPties>
						<RltdAgts>
							<DbtrAgt>
								<FinInstnId>
									<BIC>HYVEDEMM497</BIC>
								</FinInstnId>
							</DbtrAgt>
							<CdtrAgt>
								<FinInstnId>
									<BIC>CHEKDE81XXX</BIC>
								</FinInstnId>
							</CdtrAgt>
						</RltdAgts>
						<Purp>
							<Cd>IDCP</Cd>
						</Purp>
						<RltdDts>
							<Prtry>
								<Tp>CreationDateTime of Payment Order</Tp>
								<Dt>
									<DtTm>2019-10-14T21:54:32.000+02:00</DtTm>
								</Dt>
							</Prtry>
						</RltdDts>
					</TxDtls>
				</NtryDtls>
				<AddtlNtryInf>POS-Kartenzahlung</AddtlNtryInf>
			</Ntry>
			<Ntry>
				<Amt Ccy="EUR">124.00</Amt>
				<CdtDbtInd>DBIT</CdtDbtInd>
				<Sts>BOOK</Sts>
				<BookgDt>
					<Dt>2019-10-15</Dt>
				</BookgDt>
				<ValDt>
					<Dt>2019-10-15</Dt>
				</ValDt>
				<AcctSvcrRef>0934490031046024</AcctSvcrRef>
				<BkTxCd>
					<Domn>
						<Cd>PMNT</Cd>
						<Fmly>
							<Cd>RDDT</Cd>
							<SubFmlyCd>ESDD</SubFmlyCd>
						</Fmly>
					</Domn>
					<Prtry>
						<Cd>105</Cd>
						<Issr>DK</Issr>
					</Prtry>
				</BkTxCd>
				<NtryDtls>
					<TxDtls>
						<Refs>
							<EndToEndId>2423020518</EndToEndId>
							<TxId>DDA191014BSWI03492700000221</TxId>
							<MndtId>220200153582-0001</MndtId>
							<ClrSysRef>DDA191014BSWI034927</ClrSysRef>
						</Refs>
						<BkTxCd>
							<Domn>
								<Cd>PMNT</Cd>
								<Fmly>
									<Cd>RDDT</Cd>
									<SubFmlyCd>ESDD</SubFmlyCd>
								</Fmly>
							</Domn>
							<Prtry>
								<Cd>NDDT+105+19</Cd>
								<Issr>DK</Issr>
							</Prtry>
						</BkTxCd>
						<RltdPties>
							<Dbtr>
								<Nm>A.b.s. Rechenzentrum GmbH</Nm>
								<PstlAdr>
									<Ctry>DE</Ctry>
									<AdrLine>Invalidenstr. 34                                                      </AdrLine>
									<AdrLine>10115 Berlin</AdrLine>
								</PstlAdr>
								<Id>
									<PrvtId>
										<Othr>
											<Id>0000000008912912</Id>
										</Othr>
									</PrvtId>
								</Id>
							</Dbtr>
							<DbtrAcct>
								<Id>
									<IBAN>DE25870200860007404000</IBAN>
								</Id>
							</DbtrAcct>
							<Cdtr>
								<Nm>E WIE EINFACH GmbH</Nm>
								<Id>
									<PrvtId>
										<Othr>
											<Id>DE26ZZZ00000263341</Id>
										</Othr>
									</PrvtId>
								</Id>
							</Cdtr>
							<CdtrAcct>
								<Id>
									<IBAN>DE30370700600177252400</IBAN>
								</Id>
							</CdtrAcct>
						</RltdPties>
						<RltdAgts>
							<DbtrAgt>
								<FinInstnId>
									<BIC>HYVEDEMM497</BIC>
								</FinInstnId>
							</DbtrAgt>
							<CdtrAgt>
								<FinInstnId>
									<BIC>DEUTDEDKXXX</BIC>
								</FinInstnId>
							</CdtrAgt>
						</RltdAgts>
						<Purp>
							<Cd>OTHR</Cd>
						</Purp>
						<RmtInf>
							<Ustrd>ABSCHLAG Strom 10/19 VK: 220200153582</Ustrd>
						</RmtInf>
					</TxDtls>
				</NtryDtls>
				<AddtlNtryInf>Lastschrift</AddtlNtryInf>
			</Ntry>
			<Ntry>
				<Amt Ccy="EUR">160.47</Amt>
				<CdtDbtInd>DBIT</CdtDbtInd>
				<Sts>BOOK</Sts>
				<BookgDt>
					<Dt>2019-10-15</Dt>
				</BookgDt>
				<ValDt>
					<Dt>2019-10-15</Dt>
				</ValDt>
				<AcctSvcrRef>0934490031046023</AcctSvcrRef>
				<BkTxCd>
					<Domn>
						<Cd>PMNT</Cd>
						<Fmly>
							<Cd>RDDT</Cd>
							<SubFmlyCd>ESDD</SubFmlyCd>
						</Fmly>
					</Domn>
					<Prtry>
						<Cd>105</Cd>
						<Issr>DK</Issr>
					</Prtry>
				</BkTxCd>
				<NtryDtls>
					<TxDtls>
						<Refs>
							<EndToEndId>AR216826</EndToEndId>
							<TxId>DDA191014BSWI05099500002838</TxId>
							<MndtId>08769542</MndtId>
							<ClrSysRef>DDA191014BSWI050995</ClrSysRef>
						</Refs>
						<BkTxCd>
							<Domn>
								<Cd>PMNT</Cd>
								<Fmly>
									<Cd>RDDT</Cd>
									<SubFmlyCd>ESDD</SubFmlyCd>
								</Fmly>
							</Domn>
							<Prtry>
								<Cd>NDDT+105+19</Cd>
								<Issr>DK</Issr>
							</Prtry>
						</BkTxCd>
						<RltdPties>
							<Dbtr>
								<Nm>a.b.s. Rechenzentrum GmbH Chemnitz</Nm>
							</Dbtr>
							<DbtrAcct>
								<Id>
									<IBAN>DE25870200860007404000</IBAN>
								</Id>
							</DbtrAcct>
							<UltmtDbtr>
								<Nm>a.b.s. Rechenzentrum GmbH Chemnitz</Nm>
							</UltmtDbtr>
							<Cdtr>
								<Nm>SIEBER Dienstleistungen GmbH</Nm>
								<Id>
									<PrvtId>
										<Othr>
											<Id>DE62ZZZ00000442240</Id>
										</Othr>
									</PrvtId>
								</Id>
							</Cdtr>
							<CdtrAcct>
								<Id>
									<IBAN>DE67870500003554001324</IBAN>
								</Id>
							</CdtrAcct>
							<UltmtCdtr>
								<Nm>Sieber Dienstleistungen GmhH</Nm>
							</UltmtCdtr>
						</RltdPties>
						<RltdAgts>
							<DbtrAgt>
								<FinInstnId>
									<BIC>HYVEDEMM497</BIC>
								</FinInstnId>
							</DbtrAgt>
							<CdtrAgt>
								<FinInstnId>
									<BIC>CHEKDE81</BIC>
								</FinInstnId>
							</CdtrAgt>
						</RltdAgts>
						<Purp>
							<Cd>SUPP</Cd>
						</Purp>
						<RmtInf>
							<Ustrd>AR216826/160.47/879000200</Ustrd>
						</RmtInf>
					</TxDtls>
				</NtryDtls>
				<AddtlNtryInf>Lastschrift</AddtlNtryInf>
			</Ntry>
			<Ntry>
				<Amt Ccy="EUR">200.00</Amt>
				<CdtDbtInd>DBIT</CdtDbtInd>
				<Sts>BOOK</Sts>
				<BookgDt>
					<Dt>2019-10-15</Dt>
				</BookgDt>
				<ValDt>
					<Dt>2019-10-15</Dt>
				</ValDt>
				<AcctSvcrRef>0935890051017156</AcctSvcrRef>
				<BkTxCd>
					<Domn>
						<Cd>PMNT</Cd>
						<Fmly>
							<Cd>CNTR</Cd>
							<SubFmlyCd>CWDL</SubFmlyCd>
						</Fmly>
					</Domn>
					<Prtry>
						<Cd>083</Cd>
						<Issr>DK</Issr>
					</Prtry>
				</BkTxCd>
				<NtryDtls>
					<TxDtls>
						<Refs>
							<EndToEndId>00202323006841141019111547</EndToEndId>
							<TxId>DDA191015BSWC01467700033702</TxId>
							<MndtId>210349</MndtId>
							<ClrSysRef>DDA191015BSWC014677</ClrSysRef>
						</Refs>
						<BkTxCd>
							<Domn>
								<Cd>PMNT</Cd>
								<Fmly>
									<Cd>CNTR</Cd>
									<SubFmlyCd>CWDL</SubFmlyCd>
								</Fmly>
							</Domn>
							<Prtry>
								<Cd>NMSC+083+19</Cd>
								<Issr>DK</Issr>
							</Prtry>
						</BkTxCd>
						<RltdPties>
							<Dbtr>
								<Nm>ISSUER</Nm>
								<Id>
									<OrgId>
										<Othr>
											<Id>67222105</Id>
										</Othr>
									</OrgId>
								</Id>
							</Dbtr>
							<DbtrAcct>
								<Id>
									<IBAN>DE25870200860007404000</IBAN>
								</Id>
							</DbtrAcct>
							<Cdtr>
								<Nm>AUSZ.FRMD 14102019 0000001</Nm>
								<Id>
									<PrvtId>
										<Othr>
											<Id>DE3813500000020140</Id>
										</Othr>
									</PrvtId>
								</Id>
							</Cdtr>
							<CdtrAcct>
								<Id>
									<IBAN>DE33500400000930134204</IBAN>
								</Id>
							</CdtrAcct>
							<UltmtCdtr>
								<Nm>Commerzbank 00202323/Theaterstraße 34a/Musterstadt/DE</Nm>
							</UltmtCdtr>
						</RltdPties>
						<RltdAgts>
							<DbtrAgt>
								<FinInstnId>
									<BIC>HYVEDEMM497</BIC>
								</FinInstnId>
							</DbtrAgt>
							<CdtrAgt>
								<FinInstnId>
									<BIC>COBADEFFXXX</BIC>
								</FinInstnId>
							</CdtrAgt>
						</RltdAgts>
						<Purp>
							<Cd>CDCD</Cd>
						</Purp>
						<RltdDts>
							<Prtry>
								<Tp>CreationDateTime of Payment Order</Tp>
								<Dt>
									<DtTm>2019-10-14T11:15:47.000+02:00</DtTm>
								</Dt>
							</Prtry>
						</RltdDts>
					</TxDtls>
				</NtryDtls>
				<AddtlNtryInf>Bargeldauszahlung</AddtlNtryInf>
			</Ntry>
			<Ntry>
				<Amt Ccy="EUR">353.00</Amt>
				<CdtDbtInd>DBIT</CdtDbtInd>
				<Sts>BOOK</Sts>
				<BookgDt>
					<Dt>2019-10-15</Dt>
				</BookgDt>
				<ValDt>
					<Dt>2019-10-15</Dt>
				</ValDt>
				<AcctSvcrRef>0934490031046022</AcctSvcrRef>
				<BkTxCd>
					<Domn>
						<Cd>PMNT</Cd>
						<Fmly>
							<Cd>RDDT</Cd>
							<SubFmlyCd>ESDD</SubFmlyCd>
						</Fmly>
					</Domn>
					<Prtry>
						<Cd>105</Cd>
						<Issr>DK</Issr>
					</Prtry>
				</BkTxCd>
				<NtryDtls>
					<TxDtls>
						<Refs>
							<EndToEndId>2423027564</EndToEndId>
							<TxId>DDA191014BSWI03478200001076</TxId>
							<MndtId>220200344062-0001</MndtId>
							<ClrSysRef>DDA191014BSWI034782</ClrSysRef>
						</Refs>
						<BkTxCd>
							<Domn>
								<Cd>PMNT</Cd>
								<Fmly>
									<Cd>RDDT</Cd>
									<SubFmlyCd>ESDD</SubFmlyCd>
								</Fmly>
							</Domn>
							<Prtry>
								<Cd>NDDT+105+19</Cd>
								<Issr>DK</Issr>
							</Prtry>
						</BkTxCd>
						<RltdPties>
							<Dbtr>
								<Nm>A.b.s. Rechenzentrum GmbH</Nm>
								<PstlAdr>
									<Ctry>DE</Ctry>
									<AdrLine>Invalidenstr. 34                                                      </AdrLine>
									<AdrLine>10115 Berlin</AdrLine>
								</PstlAdr>
								<Id>
									<PrvtId>
										<Othr>
											<Id>0000000019446854</Id>
										</Othr>
									</PrvtId>
								</Id>
							</Dbtr>
							<DbtrAcct>
								<Id>
									<IBAN>DE25870200860007404000</IBAN>
								</Id>
							</DbtrAcct>
							<Cdtr>
								<Nm>E WIE EINFACH GmbH</Nm>
								<Id>
									<PrvtId>
										<Othr>
											<Id>DE26ZZZ00000263341</Id>
										</Othr>
									</PrvtId>
								</Id>
							</Cdtr>
							<CdtrAcct>
								<Id>
									<IBAN>DE30370700600177252400</IBAN>
								</Id>
							</CdtrAcct>
						</RltdPties>
						<RltdAgts>
							<DbtrAgt>
								<FinInstnId>
									<BIC>HYVEDEMM497</BIC>
								</FinInstnId>
							</DbtrAgt>
							<CdtrAgt>
								<FinInstnId>
									<BIC>DEUTDEDKXXX</BIC>
								</FinInstnId>
							</CdtrAgt>
						</RltdAgts>
						<Purp>
							<Cd>OTHR</Cd>
						</Purp>
						<RmtInf>
							<Ustrd>ABSCHLAG Strom 10/19 VK: 220200344062</Ustrd>
						</RmtInf>
					</TxDtls>
				</NtryDtls>
				<AddtlNtryInf>Lastschrift</AddtlNtryInf>
			</Ntry>
			<Ntry>
				<Amt Ccy="EUR">53.30</Amt>
				<CdtDbtInd>CRDT</CdtDbtInd>
				<Sts>BOOK</Sts>
				<BookgDt>
					<Dt>2019-10-15</Dt>
				</BookgDt>
				<ValDt>
					<Dt>2019-10-15</Dt>
				</ValDt>
				<AcctSvcrRef>0932690063061296</AcctSvcrRef>
				<BkTxCd>
					<Domn>
						<Cd>PMNT</Cd>
						<Fmly>
							<Cd>RCDT</Cd>
							<SubFmlyCd>ESCT</SubFmlyCd>
						</Fmly>
					</Domn>
					<Prtry>
						<Cd>166</Cd>
						<Issr>DK</Issr>
					</Prtry>
				</BkTxCd>
				<NtryDtls>
					<TxDtls>
						<Refs>
							<EndToEndId>CCB.288.UE.89979</EndToEndId>
							<TxId>CTC191015BSWI03247100014175</TxId>
							<ClrSysRef>CTC191015BSWI032471</ClrSysRef>
						</Refs>
						<BkTxCd>
							<Domn>
								<Cd>PMNT</Cd>
								<Fmly>
									<Cd>RCDT</Cd>
									<SubFmlyCd>ESCT</SubFmlyCd>
								</Fmly>
							</Domn>
							<Prtry>
								<Cd>NTRF+166+19</Cd>
								<Issr>DK</Issr>
							</Prtry>
						</BkTxCd>
						<RltdPties>
							<Dbtr>
								<Nm>MPS NEWMEDIA GMBH</Nm>
							</Dbtr>
							<DbtrAcct>
								<Id>
									<IBAN>DE84200800000505030300</IBAN>
								</Id>
							</DbtrAcct>
							<Cdtr>
								<Nm>a.b.s. Rechenzentrum GmbH</Nm>
							</Cdtr>
							<CdtrAcct>
								<Id>
									<IBAN>DE25870200860007404000</IBAN>
								</Id>
							</CdtrAcct>
						</RltdPties>
						<RltdAgts>
							<DbtrAgt>
								<FinInstnId>
									<BIC>DRESDEFF200</BIC>
								</FinInstnId>
							</DbtrAgt>
							<CdtrAgt>
								<FinInstnId>
									<BIC>HYVEDEMM497</BIC>
								</FinInstnId>
							</CdtrAgt>
						</RltdAgts>
						<RmtInf>
							<Ustrd>312178 MPS newmedia GmbH</Ustrd>
						</RmtInf>
					</TxDtls>
				</NtryDtls>
				<AddtlNtryInf>SEPA-Gutschrift</AddtlNtryInf>
			</Ntry>
			<Ntry>
				<Amt Ccy="EUR">750.28</Amt>
				<CdtDbtInd>CRDT</CdtDbtInd>
				<Sts>BOOK</Sts>
				<BookgDt>
					<Dt>2019-10-15</Dt>
				</BookgDt>
				<ValDt>
					<Dt>2019-10-15</Dt>
				</ValDt>
				<AcctSvcrRef>0932690031005537</AcctSvcrRef>
				<BkTxCd>
					<Domn>
						<Cd>PMNT</Cd>
						<Fmly>
							<Cd>RCDT</Cd>
							<SubFmlyCd>ESCT</SubFmlyCd>
						</Fmly>
					</Domn>
					<Prtry>
						<Cd>166</Cd>
						<Issr>DK</Issr>
					</Prtry>
				</BkTxCd>
				<NtryDtls>
					<TxDtls>
						<Refs>
							<EndToEndId>113</EndToEndId>
							<TxId>CTC191015BSWI00210500088269</TxId>
							<ClrSysRef>CTC191015BSWI002105</ClrSysRef>
						</Refs>
						<BkTxCd>
							<Domn>
								<Cd>PMNT</Cd>
								<Fmly>
									<Cd>RCDT</Cd>
									<SubFmlyCd>ESCT</SubFmlyCd>
								</Fmly>
							</Domn>
							<Prtry>
								<Cd>NTRF+166+20</Cd>
								<Issr>DK</Issr>
							</Prtry>
						</BkTxCd>
						<RltdPties>
							<Dbtr>
								<Nm>a.b.s. Rechenzentrum GmbH</Nm>
							</Dbtr>
							<DbtrAcct>
								<Id>
									<IBAN>DE48700543060055626600</IBAN>
								</Id>
							</DbtrAcct>
							<Cdtr>
								<Nm>a.b.s Chemnitz</Nm>
							</Cdtr>
							<CdtrAcct>
								<Id>
									<IBAN>DE25870200860007404000</IBAN>
								</Id>
							</CdtrAcct>
						</RltdPties>
						<RltdAgts>
							<DbtrAgt>
								<FinInstnId>
									<BIC>BYLADEM1WOR</BIC>
								</FinInstnId>
							</DbtrAgt>
							<CdtrAgt>
								<FinInstnId>
									<BIC>HYVEDEMM497</BIC>
								</FinInstnId>
							</CdtrAgt>
						</RltdAgts>
						<RmtInf>
							<Ustrd>Re.-Nr.: 181934, 185481</Ustrd>
						</RmtInf>
					</TxDtls>
				</NtryDtls>
				<AddtlNtryInf>SEPA-Gutschrift</AddtlNtryInf>
			</Ntry>
		</Stmt>
	</BkToCstmrStmt>
</Document>