<?xml version="1.0" encoding="UTF-8" ?>
<Document xmlns="urn:iso:std:iso:20022:tech:xsd:camt.053.001.02" xmlns:xsi="http://www.w3.org/2001/XMLSchema-instance">
	<BkToCstmrStmt>
		<GrpHdr>
			<MsgId>20191002220636730234</MsgId>
			<CreDtTm>2019-10-02T19:00:00.000+02:00</CreDtTm>
			<MsgRcpt>
				<Nm>Firma a.b.s. Rechenzentrum GmbH</Nm>
				<PstlAdr>
					<AdrLine>An der Markthalle 4</AdrLine>
					<AdrLine>09111 Chemnitz</AdrLine>
				</PstlAdr>
			</MsgRcpt>
			<MsgPgntn>
				<PgNb>1</PgNb>
				<LastPgInd>true</LastPgInd>
			</MsgPgntn>
		</GrpHdr>
		<Stmt>
			<Id>34938000740400020191002220636730234</Id>
			<ElctrncSeqNb>7</ElctrncSeqNb>
			<CreDtTm>2019-10-02T19:00:00.000+02:00</CreDtTm>
			<FrToDt>
				<FrDtTm>2019-10-02T00:00:00.000+02:00</FrDtTm>
				<ToDtTm>2019-10-02T24:00:00.000+02:00</ToDtTm>
			</FrToDt>
			<Acct>
				<Id>
					<IBAN>DE25870200860007404000</IBAN>
				</Id>
				<Ccy>EUR</Ccy>
				<Ownr>
					<Nm>Firma a.b.s. Rechenzentrum GmbH</Nm>
					<PstlAdr>
						<AdrLine>An der Markthalle 4</AdrLine>
						<AdrLine>09111 Chemnitz</AdrLine>
					</PstlAdr>
				</Ownr>
				<Svcr>
					<FinInstnId>
						<BIC>HYVEDEMM497</BIC>
						<Nm>UNICREDIT BANK AG</Nm>
						<Othr>
							<Id>DE 129273380</Id>
							<Issr>UmsStId</Issr>
						</Othr>
					</FinInstnId>
				</Svcr>
			</Acct>
			<Bal>
				<Tp>
					<CdOrPrtry>
						<Cd>PRCD</Cd>
					</CdOrPrtry>
				</Tp>
				<Amt Ccy="EUR">23923.84</Amt>
				<CdtDbtInd>CRDT</CdtDbtInd>
				<Dt>
					<Dt>2019-10-01</Dt>
				</Dt>
			</Bal>
			<Bal>
				<Tp>
					<CdOrPrtry>
						<Cd>CLBD</Cd>
					</CdOrPrtry>
				</Tp>
				<Amt Ccy="EUR">27463.81</Amt>
				<CdtDbtInd>CRDT</CdtDbtInd>
				<Dt>
					<Dt>2019-10-02</Dt>
				</Dt>
			</Bal>
			<Bal>
				<Tp>
					<CdOrPrtry>
						<Cd>CLAV</Cd>
					</CdOrPrtry>
				</Tp>
				<Amt Ccy="EUR">27463.81</Amt>
				<CdtDbtInd>CRDT</CdtDbtInd>
				<Dt>
					<Dt>2019-10-02</Dt>
				</Dt>
			</Bal>
			<Ntry>
				<Amt Ccy="EUR">4.99</Amt>
				<CdtDbtInd>DBIT</CdtDbtInd>
				<Sts>BOOK</Sts>
				<BookgDt>
					<Dt>2019-10-02</Dt>
				</BookgDt>
				<ValDt>
					<Dt>2019-10-02</Dt>
				</ValDt>
				<AcctSvcrRef>0934490028030445</AcctSvcrRef>
				<BkTxCd>
					<Domn>
						<Cd>PMNT</Cd>
						<Fmly>
							<Cd>RDDT</Cd>
							<SubFmlyCd>ESDD</SubFmlyCd>
						</Fmly>
					</Domn>
					<Prtry>
						<Cd>105</Cd>
						<Issr>DK</Issr>
					</Prtry>
				</BkTxCd>
				<NtryDtls>
					<TxDtls>
						<Refs>
							<EndToEndId>1913095708</EndToEndId>
							<TxId>DDA191001BSWI01195900000218</TxId>
							<MndtId>POSTAG0053000001741682</MndtId>
							<ClrSysRef>DDA191001BSWI011959</ClrSysRef>
						</Refs>
						<BkTxCd>
							<Domn>
								<Cd>PMNT</Cd>
								<Fmly>
									<Cd>RDDT</Cd>
									<SubFmlyCd>ESDD</SubFmlyCd>
								</Fmly>
							</Domn>
							<Prtry>
								<Cd>NDDT+105+19</Cd>
								<Issr>DK</Issr>
							</Prtry>
						</BkTxCd>
						<RltdPties>
							<Dbtr>
								<Nm>A.B.S. RECHENZENTRUM GMBH</Nm>
								<PstlAdr>
									<Ctry>DE</Ctry>
									<AdrLine>AN DER MARKTHALLE                                                     </AdrLine>
									<AdrLine>09111 CHEMNITZ</AdrLine>
								</PstlAdr>
							</Dbtr>
							<DbtrAcct>
								<Id>
									<IBAN>DE25870200860007404000</IBAN>
								</Id>
							</DbtrAcct>
							<Cdtr>
								<Nm>Deutsche Post AG</Nm>
								<PstlAdr>
									<Ctry>DE</Ctry>
									<AdrLine>Charles-de-Gaulle-Str. 20                                             </AdrLine>
									<AdrLine>53113 Bonn</AdrLine>
								</PstlAdr>
								<Id>
									<PrvtId>
										<Othr>
											<Id>DE65ZZZ00000210259</Id>
										</Othr>
									</PrvtId>
								</Id>
							</Cdtr>
							<CdtrAcct>
								<Id>
									<IBAN>DE63380700590028000803</IBAN>
								</Id>
							</CdtrAcct>
							<UltmtCdtr>
								<Nm>DEUTSCHE POST AG</Nm>
							</UltmtCdtr>
						</RltdPties>
						<RltdAgts>
							<DbtrAgt>
								<FinInstnId>
									<BIC>HYVEDEMM497</BIC>
								</FinInstnId>
							</DbtrAgt>
							<CdtrAgt>
								<FinInstnId>
									<BIC>DEUTDEDK380</BIC>
								</FinInstnId>
							</CdtrAgt>
						</RltdAgts>
						<Purp>
							<Cd>OTHR</Cd>
						</Purp>
						<RmtInf>
							<Ustrd>KD5060055775 2821081706 REFSAP3175625756/EFI RE7351859382 DAT27.09.2019 3175625756</Ustrd>
						</RmtInf>
					</TxDtls>
				</NtryDtls>
				<AddtlNtryInf>Lastschrift</AddtlNtryInf>
			</Ntry>
			<Ntry>
				<Amt Ccy="EUR">11.89</Amt>
				<CdtDbtInd>DBIT</CdtDbtInd>
				<Sts>BOOK</Sts>
				<BookgDt>
					<Dt>2019-10-02</Dt>
				</BookgDt>
				<ValDt>
					<Dt>2019-10-02</Dt>
				</ValDt>
				<AcctSvcrRef>0934490028030444</AcctSvcrRef>
				<BkTxCd>
					<Domn>
						<Cd>PMNT</Cd>
						<Fmly>
							<Cd>IDDT</Cd>
							<SubFmlyCd>UPDD</SubFmlyCd>
						</Fmly>
					</Domn>
					<Prtry>
						<Cd>109</Cd>
						<Issr>DK</Issr>
					</Prtry>
				</BkTxCd>
				<NtryDtls>
					<TxDtls>
						<Refs>
							<EndToEndId>1237/267</EndToEndId>
							<TxId>CBIR219270G170661100000000000000893</TxId>
							<MndtId>313331</MndtId>
							<ClrSysRef>XPEIDRH191002BSWI0025330000089</ClrSysRef>
						</Refs>
						<AmtDtls>
							<InstdAmt>
								<Amt Ccy="EUR">4.05</Amt>
							</InstdAmt>
							<TxAmt>
								<Amt Ccy="EUR">11.89</Amt>
							</TxAmt>
							<PrtryAmt>
								<Tp>IBS</Tp>
								<Amt Ccy="EUR">6.89</Amt>
							</PrtryAmt>
						</AmtDtls>
						<BkTxCd>
							<Domn>
								<Cd>PMNT</Cd>
								<Fmly>
									<Cd>IDDT</Cd>
									<SubFmlyCd>UPDD</SubFmlyCd>
								</Fmly>
							</Domn>
							<Prtry>
								<Cd>NRTI+109+19</Cd>
								<Issr>DK</Issr>
							</Prtry>
						</BkTxCd>
						<Chrgs>
							<Amt Ccy="EUR">5.00</Amt>
							<Tp>
								<Prtry>
									<Id>Eigenentgelt</Id>
								</Prtry>
							</Tp>
							<Pty>
								<FinInstnId>
									<BIC>HYVEDEMM497</BIC>
								</FinInstnId>
							</Pty>
						</Chrgs>
						<Chrgs>
							<Amt Ccy="EUR">2.84</Amt>
							<Tp>
								<Prtry>
									<Id>Fremdentgelt</Id>
								</Prtry>
							</Tp>
							<Pty>
								<FinInstnId>
									<BIC>COBADEFFXXX</BIC>
								</FinInstnId>
							</Pty>
						</Chrgs>
						<RltdPties>
							<Dbtr>
								<Nm>Rete Ordinare UG (haftungsbeschraenkt)</Nm>
							</Dbtr>
							<DbtrAcct>
								<Id>
									<IBAN>DE32100400000151627700</IBAN>
								</Id>
							</DbtrAcct>
							<Cdtr>
								<Nm>A.B.S. RECHENZENTRUM</Nm>
								<Id>
									<PrvtId>
										<Othr>
											<Id>DE8400000000356096</Id>
										</Othr>
									</PrvtId>
								</Id>
							</Cdtr>
							<CdtrAcct>
								<Id>
									<IBAN>DE25870200860007404000</IBAN>
								</Id>
							</CdtrAcct>
						</RltdPties>
						<RltdAgts>
							<DbtrAgt>
								<FinInstnId>
									<BIC>COBADEFFXXX</BIC>
								</FinInstnId>
							</DbtrAgt>
							<CdtrAgt>
								<FinInstnId>
									<BIC>HYVEDEMM497</BIC>
								</FinInstnId>
							</CdtrAgt>
						</RltdAgts>
						<RmtInf>
							<Ustrd>FKN 313331 RE 184953</Ustrd>
						</RmtInf>
						<RtrInf>
							<Rsn>
								<Cd>MS03</Cd>
							</Rsn>
							<AddtlInf>RETURN/REFUND Sonstige Gründe</AddtlInf>
						</RtrInf>
					</TxDtls>
				</NtryDtls>
				<AddtlNtryInf>SEPA Lastschrift-Rueckrechn</AddtlNtryInf>
			</Ntry>
			<Ntry>
				<Amt Ccy="EUR">49.32</Amt>
				<CdtDbtInd>DBIT</CdtDbtInd>
				<Sts>BOOK</Sts>
				<BookgDt>
					<Dt>2019-10-02</Dt>
				</BookgDt>
				<ValDt>
					<Dt>2019-10-02</Dt>
				</ValDt>
				<AcctSvcrRef>0934490056051470</AcctSvcrRef>
				<BkTxCd>
					<Domn>
						<Cd>PMNT</Cd>
						<Fmly>
							<Cd>IDDT</Cd>
							<SubFmlyCd>UPDD</SubFmlyCd>
						</Fmly>
					</Domn>
					<Prtry>
						<Cd>109</Cd>
						<Issr>DK</Issr>
					</Prtry>
				</BkTxCd>
				<NtryDtls>
					<TxDtls>
						<Refs>
							<EndToEndId>1237/341</EndToEndId>
							<TxId>SOLADES1MEI-P8227468771119F1</TxId>
							<MndtId>313153</MndtId>
							<ClrSysRef>XPEIDRH191002BSWI0235200000188</ClrSysRef>
						</Refs>
						<AmtDtls>
							<InstdAmt>
								<Amt Ccy="EUR">41.32</Amt>
							</InstdAmt>
							<TxAmt>
								<Amt Ccy="EUR">49.32</Amt>
							</TxAmt>
							<PrtryAmt>
								<Tp>IBS</Tp>
								<Amt Ccy="EUR">44.32</Amt>
							</PrtryAmt>
						</AmtDtls>
						<BkTxCd>
							<Domn>
								<Cd>PMNT</Cd>
								<Fmly>
									<Cd>IDDT</Cd>
									<SubFmlyCd>UPDD</SubFmlyCd>
								</Fmly>
							</Domn>
							<Prtry>
								<Cd>NRTI+109+19</Cd>
								<Issr>DK</Issr>
							</Prtry>
						</BkTxCd>
						<Chrgs>
							<Amt Ccy="EUR">5.00</Amt>
							<Tp>
								<Prtry>
									<Id>Eigenentgelt</Id>
								</Prtry>
							</Tp>
							<Pty>
								<FinInstnId>
									<BIC>HYVEDEMM497</BIC>
								</FinInstnId>
							</Pty>
						</Chrgs>
						<Chrgs>
							<Amt Ccy="EUR">3.00</Amt>
							<Tp>
								<Prtry>
									<Id>Fremdentgelt</Id>
								</Prtry>
							</Tp>
							<Pty>
								<FinInstnId>
									<BIC>SOLADES1MEI</BIC>
								</FinInstnId>
							</Pty>
						</Chrgs>
						<RltdPties>
							<Dbtr>
								<Nm>GENS DIVA OOD</Nm>
							</Dbtr>
							<DbtrAcct>
								<Id>
									<IBAN>DE68850550000500135126</IBAN>
								</Id>
							</DbtrAcct>
							<Cdtr>
								<Nm>A.B.S. RECHENZENTRUM</Nm>
								<Id>
									<PrvtId>
										<Othr>
											<Id>DE8400000000356096</Id>
										</Othr>
									</PrvtId>
								</Id>
							</Cdtr>
							<CdtrAcct>
								<Id>
									<IBAN>DE25870200860007404000</IBAN>
								</Id>
							</CdtrAcct>
						</RltdPties>
						<RltdAgts>
							<DbtrAgt>
								<FinInstnId>
									<BIC>SOLADES1MEI</BIC>
								</FinInstnId>
							</DbtrAgt>
							<CdtrAgt>
								<FinInstnId>
									<BIC>HYVEDEMM497</BIC>
								</FinInstnId>
							</CdtrAgt>
						</RltdAgts>
						<RmtInf>
							<Ustrd>FKN 313153 RE 185063 33.23, 185064 8.09</Ustrd>
						</RmtInf>
						<RtrInf>
							<Rsn>
								<Cd>MS03</Cd>
							</Rsn>
							<AddtlInf>RETURN/REFUND Sonstige Gründe</AddtlInf>
						</RtrInf>
					</TxDtls>
				</NtryDtls>
				<AddtlNtryInf>SEPA Lastschrift-Rueckrechn</AddtlNtryInf>
			</Ntry>
			<Ntry>
				<Amt Ccy="EUR">129.71</Amt>
				<CdtDbtInd>DBIT</CdtDbtInd>
				<Sts>BOOK</Sts>
				<BookgDt>
					<Dt>2019-10-02</Dt>
				</BookgDt>
				<ValDt>
					<Dt>2019-10-02</Dt>
				</ValDt>
				<AcctSvcrRef>0934490028030443</AcctSvcrRef>
				<BkTxCd>
					<Domn>
						<Cd>PMNT</Cd>
						<Fmly>
							<Cd>RDDT</Cd>
							<SubFmlyCd>ESDD</SubFmlyCd>
						</Fmly>
					</Domn>
					<Prtry>
						<Cd>105</Cd>
						<Issr>DK</Issr>
					</Prtry>
				</BkTxCd>
				<NtryDtls>
					<TxDtls>
						<Refs>
							<TxId>DDA190930BSWI05528700000229</TxId>
							<MndtId>12333</MndtId>
							<ClrSysRef>DDA190930BSWI055287</ClrSysRef>
						</Refs>
						<BkTxCd>
							<Domn>
								<Cd>PMNT</Cd>
								<Fmly>
									<Cd>RDDT</Cd>
									<SubFmlyCd>ESDD</SubFmlyCd>
								</Fmly>
							</Domn>
							<Prtry>
								<Cd>NDDT+105+19</Cd>
								<Issr>DK</Issr>
							</Prtry>
						</BkTxCd>
						<RltdPties>
							<Dbtr>
								<Nm>a.b.s. Rechenzentrum GmbH</Nm>
							</Dbtr>
							<DbtrAcct>
								<Id>
									<IBAN>DE25870200860007404000</IBAN>
								</Id>
							</DbtrAcct>
							<Cdtr>
								<Nm>REYNLE GmbH</Nm>
								<Id>
									<PrvtId>
										<Othr>
											<Id>DE48ZZZ00000078451</Id>
										</Othr>
									</PrvtId>
								</Id>
							</Cdtr>
							<CdtrAcct>
								<Id>
									<IBAN>DE84221914050058072630</IBAN>
								</Id>
							</CdtrAcct>
						</RltdPties>
						<RltdAgts>
							<DbtrAgt>
								<FinInstnId>
									<BIC>HYVEDEMM497</BIC>
								</FinInstnId>
							</DbtrAgt>
							<CdtrAgt>
								<FinInstnId>
									<BIC>GENODEF1PIN</BIC>
								</FinInstnId>
							</CdtrAgt>
						</RltdAgts>
						<RmtInf>
							<Ustrd>Re 201911898</Ustrd>
						</RmtInf>
					</TxDtls>
				</NtryDtls>
				<AddtlNtryInf>Lastschrift</AddtlNtryInf>
			</Ntry>
			<Ntry>
				<Amt Ccy="EUR">154.70</Amt>
				<CdtDbtInd>DBIT</CdtDbtInd>
				<Sts>BOOK</Sts>
				<BookgDt>
					<Dt>2019-10-02</Dt>
				</BookgDt>
				<ValDt>
					<Dt>2019-10-02</Dt>
				</ValDt>
				<AcctSvcrRef>0934490028030442</AcctSvcrRef>
				<BkTxCd>
					<Domn>
						<Cd>PMNT</Cd>
						<Fmly>
							<Cd>RDDT</Cd>
							<SubFmlyCd>ESDD</SubFmlyCd>
						</Fmly>
					</Domn>
					<Prtry>
						<Cd>105</Cd>
						<Issr>DK</Issr>
					</Prtry>
				</BkTxCd>
				<NtryDtls>
					<TxDtls>
						<Refs>
							<TxId>DDA191001BSWI04291000003645</TxId>
							<MndtId>MH4Stpl</MndtId>
							<ClrSysRef>DDA191001BSWI042910</ClrSysRef>
						</Refs>
						<BkTxCd>
							<Domn>
								<Cd>PMNT</Cd>
								<Fmly>
									<Cd>RDDT</Cd>
									<SubFmlyCd>ESDD</SubFmlyCd>
								</Fmly>
							</Domn>
							<Prtry>
								<Cd>NDDT+105+19</Cd>
								<Issr>DK</Issr>
							</Prtry>
						</BkTxCd>
						<RltdPties>
							<Dbtr>
								<Nm>A.B.S. Rechenzentrum</Nm>
							</Dbtr>
							<DbtrAcct>
								<Id>
									<IBAN>DE25870200860007404000</IBAN>
								</Id>
							</DbtrAcct>
							<Cdtr>
								<Nm>WEG An der Markthalle 4</Nm>
								<Id>
									<PrvtId>
										<Othr>
											<Id>DE12ZZZ00000780215</Id>
										</Othr>
									</PrvtId>
								</Id>
							</Cdtr>
							<CdtrAcct>
								<Id>
									<IBAN>DE38120300001062834948</IBAN>
								</Id>
							</CdtrAcct>
							<UltmtCdtr>
								<Nm>Sachsenbau- und Projektgesellschaft mbH + Co. KG</Nm>
							</UltmtCdtr>
						</RltdPties>
						<RltdAgts>
							<DbtrAgt>
								<FinInstnId>
									<BIC>HYVEDEMM497</BIC>
								</FinInstnId>
							</DbtrAgt>
							<CdtrAgt>
								<FinInstnId>
									<BIC>BYLADEM1001</BIC>
								</FinInstnId>
							</CdtrAgt>
						</RltdAgts>
						<RmtInf>
							<Ustrd>MH4 TG-Stpl. 27+ 2 x Aussenstpl. Okt / 2019 und Aug / 2018</Ustrd>
						</RmtInf>
					</TxDtls>
				</NtryDtls>
				<AddtlNtryInf>Lastschrift</AddtlNtryInf>
			</Ntry>
			<Ntry>
				<Amt Ccy="EUR">159.00</Amt>
				<CdtDbtInd>DBIT</CdtDbtInd>
				<Sts>BOOK</Sts>
				<BookgDt>
					<Dt>2019-10-02</Dt>
				</BookgDt>
				<ValDt>
					<Dt>2019-10-02</Dt>
				</ValDt>
				<AcctSvcrRef>0934490028030441</AcctSvcrRef>
				<BkTxCd>
					<Domn>
						<Cd>PMNT</Cd>
						<Fmly>
							<Cd>RDDT</Cd>
							<SubFmlyCd>ESDD</SubFmlyCd>
						</Fmly>
					</Domn>
					<Prtry>
						<Cd>105</Cd>
						<Issr>DK</Issr>
					</Prtry>
				</BkTxCd>
				<NtryDtls>
					<TxDtls>
						<Refs>
							<EndToEndId>KU-0122117350 ZBA0025075173</EndToEndId>
							<TxId>DDB191001KMVE02481500000021</TxId>
							<MndtId>KP0012000003066</MndtId>
							<ClrSysRef>DDB191001KMVE024815</ClrSysRef>
						</Refs>
						<BkTxCd>
							<Domn>
								<Cd>PMNT</Cd>
								<Fmly>
									<Cd>RDDT</Cd>
									<SubFmlyCd>ESDD</SubFmlyCd>
								</Fmly>
							</Domn>
							<Prtry>
								<Cd>NDDT+105+50</Cd>
								<Issr>DK</Issr>
							</Prtry>
						</BkTxCd>
						<RltdPties>
							<Dbtr>
								<Nm>a.b.s. Rechenzentrum GmbH</Nm>
								<PstlAdr>
									<Ctry>DE</Ctry>
									<AdrLine>Invalidenstr. 34                                                      </AdrLine>
									<AdrLine>10115 Berlin</AdrLine>
								</PstlAdr>
							</Dbtr>
							<DbtrAcct>
								<Id>
									<IBAN>DE25870200860007404000</IBAN>
								</Id>
							</DbtrAcct>
							<Cdtr>
								<Nm>Verlagsgruppe Huethig</Nm>
								<PstlAdr>
									<Ctry>DE</Ctry>
									<AdrLine>Im Weiher 10                                                          </AdrLine>
									<AdrLine>Heidelberg</AdrLine>
								</PstlAdr>
								<Id>
									<PrvtId>
										<Othr>
											<Id>DE84ZZZ00000020573</Id>
										</Othr>
									</PrvtId>
								</Id>
							</Cdtr>
							<CdtrAcct>
								<Id>
									<IBAN>DE22700202700015764476</IBAN>
								</Id>
							</CdtrAcct>
						</RltdPties>
						<RltdAgts>
							<DbtrAgt>
								<FinInstnId>
									<BIC>HYVEDEMM497</BIC>
								</FinInstnId>
							</DbtrAgt>
							<CdtrAgt>
								<FinInstnId>
									<BIC>HYVEDEMMXXX</BIC>
								</FinInstnId>
							</CdtrAgt>
						</RltdAgts>
						<Purp>
							<Cd>OTHR</Cd>
						</Purp>
						<RmtInf>
							<Ustrd>KU-0122117350 ZBA002507517371606559330.08.2019LOHN+GEHALT Lastschrifteinzug</Ustrd>
						</RmtInf>
					</TxDtls>
				</NtryDtls>
				<AddtlNtryInf>Lastschrift</AddtlNtryInf>
			</Ntry>
			<Ntry>
				<Amt Ccy="EUR">178.50</Amt>
				<CdtDbtInd>DBIT</CdtDbtInd>
				<Sts>BOOK</Sts>
				<BookgDt>
					<Dt>2019-10-02</Dt>
				</BookgDt>
				<ValDt>
					<Dt>2019-10-02</Dt>
				</ValDt>
				<AcctSvcrRef>0934490028030440</AcctSvcrRef>
				<BkTxCd>
					<Domn>
						<Cd>PMNT</Cd>
						<Fmly>
							<Cd>RDDT</Cd>
							<SubFmlyCd>ESDD</SubFmlyCd>
						</Fmly>
					</Domn>
					<Prtry>
						<Cd>105</Cd>
						<Issr>DK</Issr>
					</Prtry>
				</BkTxCd>
				<NtryDtls>
					<TxDtls>
						<Refs>
							<EndToEndId>0005002822</EndToEndId>
							<TxId>DDA191001BSWI02227600007457</TxId>
							<MndtId>4001/0699-0063/0001</MndtId>
							<ClrSysRef>DDA191001BSWI022276</ClrSysRef>
						</Refs>
						<BkTxCd>
							<Domn>
								<Cd>PMNT</Cd>
								<Fmly>
									<Cd>RDDT</Cd>
									<SubFmlyCd>ESDD</SubFmlyCd>
								</Fmly>
							</Domn>
							<Prtry>
								<Cd>NDDT+105+19</Cd>
								<Issr>DK</Issr>
							</Prtry>
						</BkTxCd>
						<RltdPties>
							<Dbtr>
								<Nm>a.b.s. Rechenzentrum GmbH</Nm>
								<PstlAdr>
									<Ctry>DE</Ctry>
									<AdrLine>An der Markthalle 4                                                   </AdrLine>
									<AdrLine>09111 Chemnitz</AdrLine>
								</PstlAdr>
							</Dbtr>
							<DbtrAcct>
								<Id>
									<IBAN>DE25870200860007404000</IBAN>
								</Id>
							</DbtrAcct>
							<Cdtr>
								<Nm>WestInvest ImmoValue</Nm>
								<PstlAdr>
									<Ctry>DE</Ctry>
									<AdrLine>Hamborner Str. 55                                                     </AdrLine>
									<AdrLine>40472 Dusseldorf</AdrLine>
								</PstlAdr>
								<Id>
									<PrvtId>
										<Othr>
											<Id>DE18ZZZ00000081998</Id>
										</Othr>
									</PrvtId>
								</Id>
							</Cdtr>
							<CdtrAcct>
								<Id>
									<IBAN>DE24500509990000515544</IBAN>
								</Id>
							</CdtrAcct>
						</RltdPties>
						<RltdAgts>
							<DbtrAgt>
								<FinInstnId>
									<BIC>HYVEDEMM497</BIC>
								</FinInstnId>
							</DbtrAgt>
							<CdtrAgt>
								<FinInstnId>
									<BIC>DGZFDEFFXXX</BIC>
								</FinInstnId>
							</CdtrAgt>
						</RltdAgts>
						<RmtInf>
							<Ustrd>0699-0063 /01.10.2019-31.10.2019-Miete ParkUST 28,50 NET 150,00</Ustrd>
						</RmtInf>
					</TxDtls>
				</NtryDtls>
				<AddtlNtryInf>Lastschrift</AddtlNtryInf>
			</Ntry>
			<Ntry>
				<Amt Ccy="EUR">28.68</Amt>
				<CdtDbtInd>CRDT</CdtDbtInd>
				<Sts>BOOK</Sts>
				<BookgDt>
					<Dt>2019-10-02</Dt>
				</BookgDt>
				<ValDt>
					<Dt>2019-10-02</Dt>
				</ValDt>
				<AcctSvcrRef>0932690057055361</AcctSvcrRef>
				<BkTxCd>
					<Domn>
						<Cd>PMNT</Cd>
						<Fmly>
							<Cd>RCDT</Cd>
							<SubFmlyCd>ESCT</SubFmlyCd>
						</Fmly>
					</Domn>
					<Prtry>
						<Cd>166</Cd>
						<Issr>DK</Issr>
					</Prtry>
				</BkTxCd>
				<NtryDtls>
					<TxDtls>
						<Refs>
							<TxId>CTC191002BSWI02988300004874</TxId>
							<ClrSysRef>CTC191002BSWI029883</ClrSysRef>
						</Refs>
						<BkTxCd>
							<Domn>
								<Cd>PMNT</Cd>
								<Fmly>
									<Cd>RCDT</Cd>
									<SubFmlyCd>ESCT</SubFmlyCd>
								</Fmly>
							</Domn>
							<Prtry>
								<Cd>NTRF+166+19</Cd>
								<Issr>DK</Issr>
							</Prtry>
						</BkTxCd>
						<RltdPties>
							<Dbtr>
								<Nm>Mi Piace GmbH</Nm>
							</Dbtr>
							<DbtrAcct>
								<Id>
									<IBAN>DE89100500000190354453</IBAN>
								</Id>
							</DbtrAcct>
							<Cdtr>
								<Nm>a.b.s. Rechenzentrum GmbH</Nm>
							</Cdtr>
							<CdtrAcct>
								<Id>
									<IBAN>DE25870200860007404000</IBAN>
								</Id>
							</CdtrAcct>
						</RltdPties>
						<RltdAgts>
							<DbtrAgt>
								<FinInstnId>
									<BIC>BELADEBEXXX</BIC>
								</FinInstnId>
							</DbtrAgt>
							<CdtrAgt>
								<FinInstnId>
									<BIC>HYVEDEMM497</BIC>
								</FinInstnId>
							</CdtrAgt>
						</RltdAgts>
						<RmtInf>
							<Ustrd>FKN 313012 Rechnung 184824</Ustrd>
						</RmtInf>
					</TxDtls>
				</NtryDtls>
				<AddtlNtryInf>SEPA-Gutschrift</AddtlNtryInf>
			</Ntry>
			<Ntry>
				<Amt Ccy="EUR">187.08</Amt>
				<CdtDbtInd>CRDT</CdtDbtInd>
				<Sts>BOOK</Sts>
				<BookgDt>
					<Dt>2019-10-02</Dt>
				</BookgDt>
				<ValDt>
					<Dt>2019-10-02</Dt>
				</ValDt>
				<AcctSvcrRef>0932690028005459</AcctSvcrRef>
				<BkTxCd>
					<Domn>
						<Cd>PMNT</Cd>
						<Fmly>
							<Cd>RCDT</Cd>
							<SubFmlyCd>ESCT</SubFmlyCd>
						</Fmly>
					</Domn>
					<Prtry>
						<Cd>166</Cd>
						<Issr>DK</Issr>
					</Prtry>
				</BkTxCd>
				<NtryDtls>
					<TxDtls>
						<Refs>
							<TxId>CTC191002BSWI00000100008768</TxId>
							<ClrSysRef>CTC191002BSWI000001</ClrSysRef>
						</Refs>
						<BkTxCd>
							<Domn>
								<Cd>PMNT</Cd>
								<Fmly>
									<Cd>RCDT</Cd>
									<SubFmlyCd>ESCT</SubFmlyCd>
								</Fmly>
							</Domn>
							<Prtry>
								<Cd>NTRF+166+20</Cd>
								<Issr>DK</Issr>
							</Prtry>
						</BkTxCd>
						<RltdPties>
							<Dbtr>
								<Nm>TAXDAT UG (haftungsbeschrankt)</Nm>
								<PstlAdr>
									<Ctry>DE</Ctry>
									<AdrLine>TAXDAT UG (haftungsbeschrankt) 10781 Berlin</AdrLine>
								</PstlAdr>
							</Dbtr>
							<DbtrAcct>
								<Id>
									<IBAN>DE53110101002396290886</IBAN>
								</Id>
							</DbtrAcct>
							<Cdtr>
								<Nm>abs Rechenzentrum</Nm>
							</Cdtr>
							<CdtrAcct>
								<Id>
									<IBAN>DE25870200860007404000</IBAN>
								</Id>
							</CdtrAcct>
						</RltdPties>
						<RltdAgts>
							<DbtrAgt>
								<FinInstnId>
									<BIC>SOBKDEBBXXX</BIC>
								</FinInstnId>
							</DbtrAgt>
							<CdtrAgt>
								<FinInstnId>
									<BIC>HYVEDEMM497</BIC>
								</FinInstnId>
							</CdtrAgt>
						</RltdAgts>
						<RmtInf>
							<Ustrd>Kunden Nr. 313261</Ustrd>
						</RmtInf>
					</TxDtls>
				</NtryDtls>
				<AddtlNtryInf>SEPA-Gutschrift</AddtlNtryInf>
			</Ntry>
			<Ntry>
				<Amt Ccy="EUR">193.61</Amt>
				<CdtDbtInd>CRDT</CdtDbtInd>
				<Sts>BOOK</Sts>
				<BookgDt>
					<Dt>2019-10-02</Dt>
				</BookgDt>
				<ValDt>
					<Dt>2019-10-02</Dt>
				</ValDt>
				<AcctSvcrRef>0932690055059904</AcctSvcrRef>
				<BkTxCd>
					<Domn>
						<Cd>PMNT</Cd>
						<Fmly>
							<Cd>RCDT</Cd>
							<SubFmlyCd>ESCT</SubFmlyCd>
						</Fmly>
					</Domn>
					<Prtry>
						<Cd>166</Cd>
						<Issr>DK</Issr>
					</Prtry>
				</BkTxCd>
				<NtryDtls>
					<TxDtls>
						<Refs>
							<TxId>CTC191002BSWI01943800037949</TxId>
							<ClrSysRef>CTC191002BSWI019438</ClrSysRef>
						</Refs>
						<BkTxCd>
							<Domn>
								<Cd>PMNT</Cd>
								<Fmly>
									<Cd>RCDT</Cd>
									<SubFmlyCd>ESCT</SubFmlyCd>
								</Fmly>
							</Domn>
							<Prtry>
								<Cd>NTRF+166+19</Cd>
								<Issr>DK</Issr>
							</Prtry>
						</BkTxCd>
						<RltdPties>
							<Dbtr>
								<Nm>Wild Republic Handelsgesell- schaft m.b.H. - ZL Berlin</Nm>
							</Dbtr>
							<DbtrAcct>
								<Id>
									<IBAN>DE90100900002567091000</IBAN>
								</Id>
							</DbtrAcct>
							<Cdtr>
								<Nm>a.b.s. Rechenzentrum</Nm>
							</Cdtr>
							<CdtrAcct>
								<Id>
									<IBAN>DE25870200860007404000</IBAN>
								</Id>
							</CdtrAcct>
						</RltdPties>
						<RltdAgts>
							<DbtrAgt>
								<FinInstnId>
									<BIC>BEVODEBB</BIC>
								</FinInstnId>
							</DbtrAgt>
							<CdtrAgt>
								<FinInstnId>
									<BIC>HYVEDEMM497</BIC>
								</FinInstnId>
							</CdtrAgt>
						</RltdAgts>
						<RmtInf>
							<Ustrd>185045</Ustrd>
						</RmtInf>
					</TxDtls>
				</NtryDtls>
				<AddtlNtryInf>SEPA-Gutschrift</AddtlNtryInf>
			</Ntry>
			<Ntry>
				<Amt Ccy="EUR">700.00</Amt>
				<CdtDbtInd>CRDT</CdtDbtInd>
				<Sts>BOOK</Sts>
				<BookgDt>
					<Dt>2019-10-02</Dt>
				</BookgDt>
				<ValDt>
					<Dt>2019-10-02</Dt>
				</ValDt>
				<AcctSvcrRef>0932690060071984</AcctSvcrRef>
				<BkTxCd>
					<Domn>
						<Cd>PMNT</Cd>
						<Fmly>
							<Cd>RCDT</Cd>
							<SubFmlyCd>ESCT</SubFmlyCd>
						</Fmly>
					</Domn>
					<Prtry>
						<Cd>166</Cd>
						<Issr>DK</Issr>
					</Prtry>
				</BkTxCd>
				<NtryDtls>
					<TxDtls>
						<Refs>
							<TxId>CTC191002BSWI03807000004331</TxId>
							<ClrSysRef>CTC191002BSWI038070</ClrSysRef>
						</Refs>
						<BkTxCd>
							<Domn>
								<Cd>PMNT</Cd>
								<Fmly>
									<Cd>RCDT</Cd>
									<SubFmlyCd>ESCT</SubFmlyCd>
								</Fmly>
							</Domn>
							<Prtry>
								<Cd>NTRF+166+19</Cd>
								<Issr>DK</Issr>
							</Prtry>
						</BkTxCd>
						<RltdPties>
							<Dbtr>
								<Nm>mobisol GmbH</Nm>
							</Dbtr>
							<DbtrAcct>
								<Id>
									<IBAN>DE29430609671134757900</IBAN>
								</Id>
							</DbtrAcct>
							<Cdtr>
								<Nm>ABS RECHENZENTRUM GMBH</Nm>
							</Cdtr>
							<CdtrAcct>
								<Id>
									<IBAN>DE25870200860007404000</IBAN>
								</Id>
							</CdtrAcct>
						</RltdPties>
						<RltdAgts>
							<DbtrAgt>
								<FinInstnId>
									<BIC>GENODEM1GLS</BIC>
								</FinInstnId>
							</DbtrAgt>
							<CdtrAgt>
								<FinInstnId>
									<BIC>HYVEDEMM497</BIC>
								</FinInstnId>
							</CdtrAgt>
						</RltdAgts>
						<RmtInf>
							<Ustrd>VORSCHUSS MOBISOL GMBH LOHN 10-2019 V4400015</Ustrd>
						</RmtInf>
					</TxDtls>
				</NtryDtls>
				<AddtlNtryInf>SEPA-Gutschrift</AddtlNtryInf>
			</Ntry>
			<Ntry>
				<Amt Ccy="EUR">3118.71</Amt>
				<CdtDbtInd>CRDT</CdtDbtInd>
				<Sts>BOOK</Sts>
				<BookgDt>
					<Dt>2019-10-02</Dt>
				</BookgDt>
				<ValDt>
					<Dt>2019-10-02</Dt>
				</ValDt>
				<AcctSvcrRef>0934490049012910</AcctSvcrRef>
				<BkTxCd>
					<Domn>
						<Cd>PMNT</Cd>
						<Fmly>
							<Cd>IDDT</Cd>
							<SubFmlyCd>ESDD</SubFmlyCd>
						</Fmly>
					</Domn>
					<Prtry>
						<Cd>192</Cd>
						<Issr>DK</Issr>
					</Prtry>
				</BkTxCd>
				<NtryDtls>
					<Btch>
						<MsgId>1238</MsgId>
						<PmtInfId>1238</PmtInfId>
						<NbOfTxs>112</NbOfTxs>
						<TtlAmt Ccy="EUR">3118.71</TtlAmt>
						<CdtDbtInd>CRDT</CdtDbtInd>
					</Btch>
					<TxDtls>
						<Refs>
							<MsgId>1238</MsgId>
							<PmtInfId>1238</PmtInfId>
							<ClrSysRef>DDB191001KMVS024872</ClrSysRef>
						</Refs>
						<BkTxCd>
							<Domn>
								<Cd>PMNT</Cd>
								<Fmly>
									<Cd>IDDT</Cd>
									<SubFmlyCd>ESDD</SubFmlyCd>
								</Fmly>
							</Domn>
							<Prtry>
								<Cd>NDDT+192+50</Cd>
								<Issr>DK</Issr>
							</Prtry>
						</BkTxCd>
						<RltdPties>
							<InitgPty>
								<Nm>a.b.s. Fil. Chemnitz</Nm>
							</InitgPty>
						</RltdPties>
						<RmtInf>
							<Ustrd>SEPA BASISLASTSCHRIFT EINGAZAHLUNGSREFERENZ 1238                                 POSTEN              112    DATEI DDB191001KMVS024872</Ustrd>
						</RmtInf>
						<RltdDts>
							<Prtry>
								<Tp>CreationDateTime of Payment Order</Tp>
								<Dt>
									<DtTm>2019-10-01T11:33:27.000+02:00</DtTm>
								</Dt>
							</Prtry>
						</RltdDts>
					</TxDtls>
				</NtryDtls>
				<AddtlNtryInf>SEPA Basislastschrift E.v.</AddtlNtryInf>
			</Ntry>
		</Stmt>
	</BkToCstmrStmt>
</Document>