<?xml version="1.0" encoding="UTF-8" ?>
<Document xmlns="urn:iso:std:iso:20022:tech:xsd:camt.053.001.02" xmlns:xsi="http://www.w3.org/2001/XMLSchema-instance">
	<BkToCstmrStmt>
		<GrpHdr>
			<MsgId>20190925213332650103</MsgId>
			<CreDtTm>2019-09-25T19:00:00.000+02:00</CreDtTm>
			<MsgRcpt>
				<Nm>Firma a.b.s. Rechenzentrum GmbH</Nm>
				<PstlAdr>
					<AdrLine>An der Markthalle 4</AdrLine>
					<AdrLine>09111 Chemnitz</AdrLine>
				</PstlAdr>
			</MsgRcpt>
			<MsgPgntn>
				<PgNb>1</PgNb>
				<LastPgInd>true</LastPgInd>
			</MsgPgntn>
		</GrpHdr>
		<Stmt>
			<Id>34938000740400020190925213332650103</Id>
			<ElctrncSeqNb>2</ElctrncSeqNb>
			<CreDtTm>2019-09-25T19:00:00.000+02:00</CreDtTm>
			<FrToDt>
				<FrDtTm>2019-09-25T00:00:00.000+02:00</FrDtTm>
				<ToDtTm>2019-09-25T24:00:00.000+02:00</ToDtTm>
			</FrToDt>
			<Acct>
				<Id>
					<IBAN>DE25870200860007404000</IBAN>
				</Id>
				<Ccy>EUR</Ccy>
				<Ownr>
					<Nm>Firma a.b.s. Rechenzentrum GmbH</Nm>
					<PstlAdr>
						<AdrLine>An der Markthalle 4</AdrLine>
						<AdrLine>09111 Chemnitz</AdrLine>
					</PstlAdr>
				</Ownr>
				<Svcr>
					<FinInstnId>
						<BIC>HYVEDEMM497</BIC>
						<Nm>UNICREDIT BANK AG</Nm>
						<Othr>
							<Id>DE 129273380</Id>
							<Issr>UmsStId</Issr>
						</Othr>
					</FinInstnId>
				</Svcr>
			</Acct>
			<Bal>
				<Tp>
					<CdOrPrtry>
						<Cd>PRCD</Cd>
					</CdOrPrtry>
				</Tp>
				<Amt Ccy="EUR">25258.57</Amt>
				<CdtDbtInd>CRDT</CdtDbtInd>
				<Dt>
					<Dt>2019-09-24</Dt>
				</Dt>
			</Bal>
			<Bal>
				<Tp>
					<CdOrPrtry>
						<Cd>CLBD</Cd>
					</CdOrPrtry>
				</Tp>
				<Amt Ccy="EUR">19726.60</Amt>
				<CdtDbtInd>CRDT</CdtDbtInd>
				<Dt>
					<Dt>2019-09-25</Dt>
				</Dt>
			</Bal>
			<Bal>
				<Tp>
					<CdOrPrtry>
						<Cd>CLAV</Cd>
					</CdOrPrtry>
				</Tp>
				<Amt Ccy="EUR">19726.60</Amt>
				<CdtDbtInd>CRDT</CdtDbtInd>
				<Dt>
					<Dt>2019-09-25</Dt>
				</Dt>
			</Bal>
			<Ntry>
				<Amt Ccy="EUR">8.40</Amt>
				<CdtDbtInd>DBIT</CdtDbtInd>
				<Sts>BOOK</Sts>
				<BookgDt>
					<Dt>2019-09-25</Dt>
				</BookgDt>
				<ValDt>
					<Dt>2019-09-25</Dt>
				</ValDt>
				<AcctSvcrRef>0934490042021985</AcctSvcrRef>
				<BkTxCd>
					<Domn>
						<Cd>PMNT</Cd>
						<Fmly>
							<Cd>IDDT</Cd>
							<SubFmlyCd>UPDD</SubFmlyCd>
						</Fmly>
					</Domn>
					<Prtry>
						<Cd>109</Cd>
						<Issr>DK</Issr>
					</Prtry>
				</BkTxCd>
				<NtryDtls>
					<TxDtls>
						<Refs>
							<EndToEndId>1236/73</EndToEndId>
							<TxId>20190924-20391380C001213</TxId>
							<MndtId>380085</MndtId>
							<ClrSysRef>XPEIDRH190925BSWI0200750000034</ClrSysRef>
						</Refs>
						<AmtDtls>
							<InstdAmt>
								<Amt Ccy="EUR">1.43</Amt>
							</InstdAmt>
							<TxAmt>
								<Amt Ccy="EUR">8.40</Amt>
							</TxAmt>
							<PrtryAmt>
								<Tp>IBS</Tp>
								<Amt Ccy="EUR">3.40</Amt>
							</PrtryAmt>
						</AmtDtls>
						<BkTxCd>
							<Domn>
								<Cd>PMNT</Cd>
								<Fmly>
									<Cd>IDDT</Cd>
									<SubFmlyCd>UPDD</SubFmlyCd>
								</Fmly>
							</Domn>
							<Prtry>
								<Cd>NRTI+109+19</Cd>
								<Issr>DK</Issr>
							</Prtry>
						</BkTxCd>
						<Chrgs>
							<Amt Ccy="EUR">5.00</Amt>
							<Tp>
								<Prtry>
									<Id>Eigenentgelt</Id>
								</Prtry>
							</Tp>
							<Pty>
								<FinInstnId>
									<BIC>HYVEDEMM497</BIC>
								</FinInstnId>
							</Pty>
						</Chrgs>
						<Chrgs>
							<Amt Ccy="EUR">1.97</Amt>
							<Tp>
								<Prtry>
									<Id>Fremdentgelt</Id>
								</Prtry>
							</Tp>
							<Pty>
								<FinInstnId>
									<BIC>CMCIDEDDXXX</BIC>
								</FinInstnId>
							</Pty>
						</Chrgs>
						<RltdPties>
							<Dbtr>
								<Nm>Adrian Bak Trockenbau</Nm>
							</Dbtr>
							<DbtrAcct>
								<Id>
									<IBAN>DE05300209005330331666</IBAN>
								</Id>
							</DbtrAcct>
							<Cdtr>
								<Nm>A.B.S. RECHENZENTRUM</Nm>
								<Id>
									<PrvtId>
										<Othr>
											<Id>DE8400000000356096</Id>
										</Othr>
									</PrvtId>
								</Id>
							</Cdtr>
							<CdtrAcct>
								<Id>
									<IBAN>DE25870200860007404000</IBAN>
								</Id>
							</CdtrAcct>
						</RltdPties>
						<RltdAgts>
							<DbtrAgt>
								<FinInstnId>
									<BIC>CMCIDEDDXXX</BIC>
								</FinInstnId>
							</DbtrAgt>
							<CdtrAgt>
								<FinInstnId>
									<BIC>HYVEDEMM497</BIC>
								</FinInstnId>
							</CdtrAgt>
						</RltdAgts>
						<RmtInf>
							<Ustrd>FKN 380085 RE 184210</Ustrd>
						</RmtInf>
						<RtrInf>
							<Rsn>
								<Cd>MS03</Cd>
							</Rsn>
							<AddtlInf>RETURN/REFUND Sonstige Gründe</AddtlInf>
						</RtrInf>
					</TxDtls>
				</NtryDtls>
				<AddtlNtryInf>SEPA Lastschrift-Rueckrechn</AddtlNtryInf>
			</Ntry>
			<Ntry>
				<Amt Ccy="EUR">14.28</Amt>
				<CdtDbtInd>DBIT</CdtDbtInd>
				<Sts>BOOK</Sts>
				<BookgDt>
					<Dt>2019-09-25</Dt>
				</BookgDt>
				<ValDt>
					<Dt>2019-09-25</Dt>
				</ValDt>
				<AcctSvcrRef>0932790050147425</AcctSvcrRef>
				<BkTxCd>
					<Domn>
						<Cd>PMNT</Cd>
						<Fmly>
							<Cd>ICDT</Cd>
							<SubFmlyCd>ESCT</SubFmlyCd>
						</Fmly>
					</Domn>
					<Prtry>
						<Cd>177</Cd>
						<Issr>DK</Issr>
					</Prtry>
				</BkTxCd>
				<NtryDtls>
					<TxDtls>
						<Refs>
							<EndToEndId>NOTPROVIDED</EndToEndId>
							<ClrSysRef>VPE1909251502000000079577</ClrSysRef>
						</Refs>
						<BkTxCd>
							<Domn>
								<Cd>PMNT</Cd>
								<Fmly>
									<Cd>ICDT</Cd>
									<SubFmlyCd>ESCT</SubFmlyCd>
								</Fmly>
							</Domn>
							<Prtry>
								<Cd>NTRF+177+91</Cd>
								<Issr>DK</Issr>
							</Prtry>
						</BkTxCd>
						<RltdPties>
							<Dbtr>
								<Nm>A.B.S. RECHENZENTRUM </Nm>
							</Dbtr>
							<DbtrAcct>
								<Id>
									<IBAN>DE25870200860007404000</IBAN>
								</Id>
							</DbtrAcct>
							<Cdtr>
								<Nm>Karow </Nm>
							</Cdtr>
							<CdtrAcct>
								<Id>
									<IBAN>DE55870550002349020226</IBAN>
								</Id>
							</CdtrAcct>
						</RltdPties>
						<RltdAgts>
							<DbtrAgt>
								<FinInstnId>
									<BIC>HYVEDEMM497</BIC>
								</FinInstnId>
							</DbtrAgt>
							<CdtrAgt>
								<FinInstnId>
									<BIC>WELADED1ZWI</BIC>
								</FinInstnId>
							</CdtrAgt>
						</RltdAgts>
						<RmtInf>
							<Ustrd>KD 313890 RE 184429 Erstattung Doppelzahlung</Ustrd>
						</RmtInf>
					</TxDtls>
				</NtryDtls>
				<AddtlNtryInf>Ueberweisung(DirectBanking)</AddtlNtryInf>
			</Ntry>
			<Ntry>
				<Amt Ccy="EUR">22.83</Amt>
				<CdtDbtInd>DBIT</CdtDbtInd>
				<Sts>BOOK</Sts>
				<BookgDt>
					<Dt>2019-09-25</Dt>
				</BookgDt>
				<ValDt>
					<Dt>2019-09-25</Dt>
				</ValDt>
				<AcctSvcrRef>0934490016014450</AcctSvcrRef>
				<BkTxCd>
					<Domn>
						<Cd>PMNT</Cd>
						<Fmly>
							<Cd>IDDT</Cd>
							<SubFmlyCd>UPDD</SubFmlyCd>
						</Fmly>
					</Domn>
					<Prtry>
						<Cd>109</Cd>
						<Issr>DK</Issr>
					</Prtry>
				</BkTxCd>
				<NtryDtls>
					<TxDtls>
						<Refs>
							<EndToEndId>1236/311</EndToEndId>
							<TxId>CBHI2192667225053100000000000000032</TxId>
							<MndtId>313705</MndtId>
							<ClrSysRef>XPEIDRH190925BSWI0011220000015</ClrSysRef>
						</Refs>
						<AmtDtls>
							<InstdAmt>
								<Amt Ccy="EUR">14.99</Amt>
							</InstdAmt>
							<TxAmt>
								<Amt Ccy="EUR">22.83</Amt>
							</TxAmt>
							<PrtryAmt>
								<Tp>IBS</Tp>
								<Amt Ccy="EUR">17.83</Amt>
							</PrtryAmt>
						</AmtDtls>
						<BkTxCd>
							<Domn>
								<Cd>PMNT</Cd>
								<Fmly>
									<Cd>IDDT</Cd>
									<SubFmlyCd>UPDD</SubFmlyCd>
								</Fmly>
							</Domn>
							<Prtry>
								<Cd>NRTI+109+19</Cd>
								<Issr>DK</Issr>
							</Prtry>
						</BkTxCd>
						<Chrgs>
							<Amt Ccy="EUR">5.00</Amt>
							<Tp>
								<Prtry>
									<Id>Eigenentgelt</Id>
								</Prtry>
							</Tp>
							<Pty>
								<FinInstnId>
									<BIC>HYVEDEMM497</BIC>
								</FinInstnId>
							</Pty>
						</Chrgs>
						<Chrgs>
							<Amt Ccy="EUR">2.84</Amt>
							<Tp>
								<Prtry>
									<Id>Fremdentgelt</Id>
								</Prtry>
							</Tp>
							<Pty>
								<FinInstnId>
									<BIC>COBADEFFXXX</BIC>
								</FinInstnId>
							</Pty>
						</Chrgs>
						<RltdPties>
							<Dbtr>
								<Nm>Schindler-Gebaeudeservice GmbH</Nm>
							</Dbtr>
							<DbtrAcct>
								<Id>
									<IBAN>DE11860400000371185000</IBAN>
								</Id>
							</DbtrAcct>
							<Cdtr>
								<Nm>A.B.S. RECHENZENTRUM</Nm>
								<Id>
									<PrvtId>
										<Othr>
											<Id>DE8400000000356096</Id>
										</Othr>
									</PrvtId>
								</Id>
							</Cdtr>
							<CdtrAcct>
								<Id>
									<IBAN>DE25870200860007404000</IBAN>
								</Id>
							</CdtrAcct>
						</RltdPties>
						<RltdAgts>
							<DbtrAgt>
								<FinInstnId>
									<BIC>COBADEFFXXX</BIC>
								</FinInstnId>
							</DbtrAgt>
							<CdtrAgt>
								<FinInstnId>
									<BIC>HYVEDEMM497</BIC>
								</FinInstnId>
							</CdtrAgt>
						</RltdAgts>
						<RmtInf>
							<Ustrd>FKN 313705 RE 184468 KONTONUMMER ALT: 810/3711850-00</Ustrd>
						</RmtInf>
						<RtrInf>
							<Rsn>
								<Cd>MS03</Cd>
							</Rsn>
							<AddtlInf>RETURN/REFUND Sonstige Gründe</AddtlInf>
						</RtrInf>
					</TxDtls>
				</NtryDtls>
				<AddtlNtryInf>SEPA Lastschrift-Rueckrechn</AddtlNtryInf>
			</Ntry>
			<Ntry>
				<Amt Ccy="EUR">24.18</Amt>
				<CdtDbtInd>DBIT</CdtDbtInd>
				<Sts>BOOK</Sts>
				<BookgDt>
					<Dt>2019-09-25</Dt>
				</BookgDt>
				<ValDt>
					<Dt>2019-09-25</Dt>
				</ValDt>
				<AcctSvcrRef>0934490016014449</AcctSvcrRef>
				<BkTxCd>
					<Domn>
						<Cd>PMNT</Cd>
						<Fmly>
							<Cd>IDDT</Cd>
							<SubFmlyCd>UPDD</SubFmlyCd>
						</Fmly>
					</Domn>
					<Prtry>
						<Cd>109</Cd>
						<Issr>DK</Issr>
					</Prtry>
				</BkTxCd>
				<NtryDtls>
					<TxDtls>
						<Refs>
							<EndToEndId>1236/236</EndToEndId>
							<TxId>2019092453645742903300000010000001</TxId>
							<MndtId>314190</MndtId>
							<ClrSysRef>XPEIDRH190924BSWI0467790000292</ClrSysRef>
						</Refs>
						<AmtDtls>
							<InstdAmt>
								<Amt Ccy="EUR">16.18</Amt>
							</InstdAmt>
							<TxAmt>
								<Amt Ccy="EUR">24.18</Amt>
							</TxAmt>
							<PrtryAmt>
								<Tp>IBS</Tp>
								<Amt Ccy="EUR">19.18</Amt>
							</PrtryAmt>
						</AmtDtls>
						<BkTxCd>
							<Domn>
								<Cd>PMNT</Cd>
								<Fmly>
									<Cd>IDDT</Cd>
									<SubFmlyCd>UPDD</SubFmlyCd>
								</Fmly>
							</Domn>
							<Prtry>
								<Cd>NRTI+109+19</Cd>
								<Issr>DK</Issr>
							</Prtry>
						</BkTxCd>
						<Chrgs>
							<Amt Ccy="EUR">5.00</Amt>
							<Tp>
								<Prtry>
									<Id>Eigenentgelt</Id>
								</Prtry>
							</Tp>
							<Pty>
								<FinInstnId>
									<BIC>HYVEDEMM497</BIC>
								</FinInstnId>
							</Pty>
						</Chrgs>
						<Chrgs>
							<Amt Ccy="EUR">3.00</Amt>
							<Tp>
								<Prtry>
									<Id>Fremdentgelt</Id>
								</Prtry>
							</Tp>
							<Pty>
								<FinInstnId>
									<BIC>BEVODEBBXXX</BIC>
								</FinInstnId>
							</Pty>
						</Chrgs>
						<RltdPties>
							<Dbtr>
								<Nm>Buehnengold GmbH</Nm>
							</Dbtr>
							<DbtrAcct>
								<Id>
									<IBAN>DE70100900002717996006</IBAN>
								</Id>
							</DbtrAcct>
							<Cdtr>
								<Nm>A.B.S. RECHENZENTRUM</Nm>
								<Id>
									<PrvtId>
										<Othr>
											<Id>DE8400000000356096</Id>
										</Othr>
									</PrvtId>
								</Id>
							</Cdtr>
							<CdtrAcct>
								<Id>
									<IBAN>DE25870200860007404000</IBAN>
								</Id>
							</CdtrAcct>
						</RltdPties>
						<RltdAgts>
							<DbtrAgt>
								<FinInstnId>
									<BIC>BEVODEBBXXX</BIC>
								</FinInstnId>
							</DbtrAgt>
							<CdtrAgt>
								<FinInstnId>
									<BIC>HYVEDEMM497</BIC>
								</FinInstnId>
							</CdtrAgt>
						</RltdAgts>
						<RmtInf>
							<Ustrd>FKN 314190 RE 184386</Ustrd>
						</RmtInf>
						<RtrInf>
							<Rsn>
								<Cd>MS03</Cd>
							</Rsn>
							<AddtlInf>RETURN/REFUND Sonstige Gründe</AddtlInf>
						</RtrInf>
					</TxDtls>
				</NtryDtls>
				<AddtlNtryInf>SEPA Lastschrift-Rueckrechn</AddtlNtryInf>
			</Ntry>
			<Ntry>
				<Amt Ccy="EUR">27.52</Amt>
				<CdtDbtInd>DBIT</CdtDbtInd>
				<Sts>BOOK</Sts>
				<BookgDt>
					<Dt>2019-09-25</Dt>
				</BookgDt>
				<ValDt>
					<Dt>2019-09-25</Dt>
				</ValDt>
				<AcctSvcrRef>0934490021056449</AcctSvcrRef>
				<BkTxCd>
					<Domn>
						<Cd>PMNT</Cd>
						<Fmly>
							<Cd>IDDT</Cd>
							<SubFmlyCd>UPDD</SubFmlyCd>
						</Fmly>
					</Domn>
					<Prtry>
						<Cd>109</Cd>
						<Issr>DK</Issr>
					</Prtry>
				</BkTxCd>
				<NtryDtls>
					<TxDtls>
						<Refs>
							<EndToEndId>1236/197</EndToEndId>
							<TxId>EXCSDD190924143247TDE1DE18884344855</TxId>
							<MndtId>380181</MndtId>
							<ClrSysRef>XPEIDRH190925BSWI0148600000118</ClrSysRef>
						</Refs>
						<AmtDtls>
							<InstdAmt>
								<Amt Ccy="EUR">19.22</Amt>
							</InstdAmt>
							<TxAmt>
								<Amt Ccy="EUR">27.52</Amt>
							</TxAmt>
							<PrtryAmt>
								<Tp>IBS</Tp>
								<Amt Ccy="EUR">22.52</Amt>
							</PrtryAmt>
						</AmtDtls>
						<BkTxCd>
							<Domn>
								<Cd>PMNT</Cd>
								<Fmly>
									<Cd>IDDT</Cd>
									<SubFmlyCd>UPDD</SubFmlyCd>
								</Fmly>
							</Domn>
							<Prtry>
								<Cd>NRTI+109+19</Cd>
								<Issr>DK</Issr>
							</Prtry>
						</BkTxCd>
						<Chrgs>
							<Amt Ccy="EUR">5.00</Amt>
							<Tp>
								<Prtry>
									<Id>Eigenentgelt</Id>
								</Prtry>
							</Tp>
							<Pty>
								<FinInstnId>
									<BIC>HYVEDEMM497</BIC>
								</FinInstnId>
							</Pty>
						</Chrgs>
						<Chrgs>
							<Amt Ccy="EUR">3.30</Amt>
							<Tp>
								<Prtry>
									<Id>Fremdentgelt</Id>
								</Prtry>
							</Tp>
							<Pty>
								<FinInstnId>
									<BIC>DEUTDEDBBER</BIC>
								</FinInstnId>
							</Pty>
						</Chrgs>
						<RltdPties>
							<Dbtr>
								<Nm>Wake Up GmbH</Nm>
							</Dbtr>
							<DbtrAcct>
								<Id>
									<IBAN>DE09100700240053074100</IBAN>
								</Id>
							</DbtrAcct>
							<Cdtr>
								<Nm>A.B.S. RECHENZENTRUM</Nm>
								<Id>
									<PrvtId>
										<Othr>
											<Id>DE8400000000356096</Id>
										</Othr>
									</PrvtId>
								</Id>
							</Cdtr>
							<CdtrAcct>
								<Id>
									<IBAN>DE25870200860007404000</IBAN>
								</Id>
							</CdtrAcct>
						</RltdPties>
						<RltdAgts>
							<DbtrAgt>
								<FinInstnId>
									<BIC>DEUTDEDBBER</BIC>
								</FinInstnId>
							</DbtrAgt>
							<CdtrAgt>
								<FinInstnId>
									<BIC>HYVEDEMM497</BIC>
								</FinInstnId>
							</CdtrAgt>
						</RltdAgts>
						<RmtInf>
							<Ustrd>FKN 380181 RE 184340</Ustrd>
						</RmtInf>
						<RtrInf>
							<Rsn>
								<Cd>MS03</Cd>
							</Rsn>
							<AddtlInf>RETURN/REFUND Sonstige Gründe</AddtlInf>
						</RtrInf>
					</TxDtls>
				</NtryDtls>
				<AddtlNtryInf>SEPA Lastschrift-Rueckrechn</AddtlNtryInf>
			</Ntry>
			<Ntry>
				<Amt Ccy="EUR">34.54</Amt>
				<CdtDbtInd>DBIT</CdtDbtInd>
				<Sts>BOOK</Sts>
				<BookgDt>
					<Dt>2019-09-25</Dt>
				</BookgDt>
				<ValDt>
					<Dt>2019-09-25</Dt>
				</ValDt>
				<AcctSvcrRef>0934490044048876</AcctSvcrRef>
				<BkTxCd>
					<Domn>
						<Cd>PMNT</Cd>
						<Fmly>
							<Cd>IDDT</Cd>
							<SubFmlyCd>UPDD</SubFmlyCd>
						</Fmly>
					</Domn>
					<Prtry>
						<Cd>109</Cd>
						<Issr>DK</Issr>
					</Prtry>
				</BkTxCd>
				<NtryDtls>
					<TxDtls>
						<Refs>
							<EndToEndId>1236/170</EndToEndId>
							<TxId>CHEKDE81XXX-P8026727913495D4</TxId>
							<MndtId>312108</MndtId>
							<ClrSysRef>XPEIDRH190925BSWI0269870000165</ClrSysRef>
						</Refs>
						<AmtDtls>
							<InstdAmt>
								<Amt Ccy="EUR">26.54</Amt>
							</InstdAmt>
							<TxAmt>
								<Amt Ccy="EUR">34.54</Amt>
							</TxAmt>
							<PrtryAmt>
								<Tp>IBS</Tp>
								<Amt Ccy="EUR">29.54</Amt>
							</PrtryAmt>
						</AmtDtls>
						<BkTxCd>
							<Domn>
								<Cd>PMNT</Cd>
								<Fmly>
									<Cd>IDDT</Cd>
									<SubFmlyCd>UPDD</SubFmlyCd>
								</Fmly>
							</Domn>
							<Prtry>
								<Cd>NRTI+109+19</Cd>
								<Issr>DK</Issr>
							</Prtry>
						</BkTxCd>
						<Chrgs>
							<Amt Ccy="EUR">5.00</Amt>
							<Tp>
								<Prtry>
									<Id>Eigenentgelt</Id>
								</Prtry>
							</Tp>
							<Pty>
								<FinInstnId>
									<BIC>HYVEDEMM497</BIC>
								</FinInstnId>
							</Pty>
						</Chrgs>
						<Chrgs>
							<Amt Ccy="EUR">3.00</Amt>
							<Tp>
								<Prtry>
									<Id>Fremdentgelt</Id>
								</Prtry>
							</Tp>
							<Pty>
								<FinInstnId>
									<BIC>CHEKDE81XXX</BIC>
								</FinInstnId>
							</Pty>
						</Chrgs>
						<RltdPties>
							<Dbtr>
								<Nm>Floristeria Inh. Susann Berthold</Nm>
							</Dbtr>
							<DbtrAcct>
								<Id>
									<IBAN>DE14870500003700013468</IBAN>
								</Id>
							</DbtrAcct>
							<Cdtr>
								<Nm>A.B.S. RECHENZENTRUM</Nm>
								<Id>
									<PrvtId>
										<Othr>
											<Id>DE8400000000356096</Id>
										</Othr>
									</PrvtId>
								</Id>
							</Cdtr>
							<CdtrAcct>
								<Id>
									<IBAN>DE25870200860007404000</IBAN>
								</Id>
							</CdtrAcct>
						</RltdPties>
						<RltdAgts>
							<DbtrAgt>
								<FinInstnId>
									<BIC>CHEKDE81XXX</BIC>
								</FinInstnId>
							</DbtrAgt>
							<CdtrAgt>
								<FinInstnId>
									<BIC>HYVEDEMM497</BIC>
								</FinInstnId>
							</CdtrAgt>
						</RltdAgts>
						<RmtInf>
							<Ustrd>FKN 312108 RE 184313</Ustrd>
						</RmtInf>
						<RtrInf>
							<Rsn>
								<Cd>MS03</Cd>
							</Rsn>
							<AddtlInf>RETURN/REFUND Sonstige Gründe</AddtlInf>
						</RtrInf>
					</TxDtls>
				</NtryDtls>
				<AddtlNtryInf>SEPA Lastschrift-Rueckrechn</AddtlNtryInf>
			</Ntry>
			<Ntry>
				<Amt Ccy="EUR">44.79</Amt>
				<CdtDbtInd>DBIT</CdtDbtInd>
				<Sts>BOOK</Sts>
				<BookgDt>
					<Dt>2019-09-25</Dt>
				</BookgDt>
				<ValDt>
					<Dt>2019-09-25</Dt>
				</ValDt>
				<AcctSvcrRef>0934490016014448</AcctSvcrRef>
				<BkTxCd>
					<Domn>
						<Cd>PMNT</Cd>
						<Fmly>
							<Cd>RDDT</Cd>
							<SubFmlyCd>ESDD</SubFmlyCd>
						</Fmly>
					</Domn>
					<Prtry>
						<Cd>105</Cd>
						<Issr>DK</Issr>
					</Prtry>
				</BkTxCd>
				<NtryDtls>
					<TxDtls>
						<Refs>
							<EndToEndId>2484204896</EndToEndId>
							<TxId>DDA190924BSWI01541600000001</TxId>
							<MndtId>220200344062-0001</MndtId>
							<ClrSysRef>DDA190924BSWI015416</ClrSysRef>
						</Refs>
						<BkTxCd>
							<Domn>
								<Cd>PMNT</Cd>
								<Fmly>
									<Cd>RDDT</Cd>
									<SubFmlyCd>ESDD</SubFmlyCd>
								</Fmly>
							</Domn>
							<Prtry>
								<Cd>NDDT+105+19</Cd>
								<Issr>DK</Issr>
							</Prtry>
						</BkTxCd>
						<RltdPties>
							<Dbtr>
								<Nm>A.b.s. Rechenzentrum GmbH</Nm>
								<PstlAdr>
									<Ctry>DE</Ctry>
									<AdrLine>Invalidenstr. 34                                                      </AdrLine>
									<AdrLine>10115 Berlin</AdrLine>
								</PstlAdr>
								<Id>
									<PrvtId>
										<Othr>
											<Id>0000000019446854</Id>
										</Othr>
									</PrvtId>
								</Id>
							</Dbtr>
							<DbtrAcct>
								<Id>
									<IBAN>DE25870200860007404000</IBAN>
								</Id>
							</DbtrAcct>
							<Cdtr>
								<Nm>E WIE EINFACH GmbH</Nm>
								<Id>
									<PrvtId>
										<Othr>
											<Id>DE26ZZZ00000263341</Id>
										</Othr>
									</PrvtId>
								</Id>
							</Cdtr>
							<CdtrAcct>
								<Id>
									<IBAN>DE30370700600177252400</IBAN>
								</Id>
							</CdtrAcct>
						</RltdPties>
						<RltdAgts>
							<DbtrAgt>
								<FinInstnId>
									<BIC>HYVEDEMM497</BIC>
								</FinInstnId>
							</DbtrAgt>
							<CdtrAgt>
								<FinInstnId>
									<BIC>DEUTDEDKXXX</BIC>
								</FinInstnId>
							</CdtrAgt>
						</RltdAgts>
						<Purp>
							<Cd>OTHR</Cd>
						</Purp>
						<RmtInf>
							<Ustrd>Strom RE: 310000434613 VK: 220200344062</Ustrd>
						</RmtInf>
					</TxDtls>
				</NtryDtls>
				<AddtlNtryInf>Lastschrift</AddtlNtryInf>
			</Ntry>
			<Ntry>
				<Amt Ccy="EUR">46.65</Amt>
				<CdtDbtInd>DBIT</CdtDbtInd>
				<Sts>BOOK</Sts>
				<BookgDt>
					<Dt>2019-09-25</Dt>
				</BookgDt>
				<ValDt>
					<Dt>2019-09-25</Dt>
				</ValDt>
				<AcctSvcrRef>0932790050147424</AcctSvcrRef>
				<BkTxCd>
					<Domn>
						<Cd>PMNT</Cd>
						<Fmly>
							<Cd>ICDT</Cd>
							<SubFmlyCd>ESCT</SubFmlyCd>
						</Fmly>
					</Domn>
					<Prtry>
						<Cd>177</Cd>
						<Issr>DK</Issr>
					</Prtry>
				</BkTxCd>
				<NtryDtls>
					<TxDtls>
						<Refs>
							<EndToEndId>NOTPROVIDED</EndToEndId>
							<ClrSysRef>VPE1909251502000000096928</ClrSysRef>
						</Refs>
						<BkTxCd>
							<Domn>
								<Cd>PMNT</Cd>
								<Fmly>
									<Cd>ICDT</Cd>
									<SubFmlyCd>ESCT</SubFmlyCd>
								</Fmly>
							</Domn>
							<Prtry>
								<Cd>NTRF+177+91</Cd>
								<Issr>DK</Issr>
							</Prtry>
						</BkTxCd>
						<RltdPties>
							<Dbtr>
								<Nm>A.B.S. RECHENZENTRUM </Nm>
							</Dbtr>
							<DbtrAcct>
								<Id>
									<IBAN>DE25870200860007404000</IBAN>
								</Id>
							</DbtrAcct>
							<Cdtr>
								<Nm>Convema </Nm>
							</Cdtr>
							<CdtrAcct>
								<Id>
									<IBAN>DE35100701000123456600</IBAN>
								</Id>
							</CdtrAcct>
						</RltdPties>
						<RltdAgts>
							<DbtrAgt>
								<FinInstnId>
									<BIC>HYVEDEMM497</BIC>
								</FinInstnId>
							</DbtrAgt>
							<CdtrAgt>
								<FinInstnId>
									<BIC>DEUTDEBB101</BIC>
								</FinInstnId>
							</CdtrAgt>
						</RltdAgts>
						<RmtInf>
							<Ustrd>KD 313372 GS 184800</Ustrd>
						</RmtInf>
					</TxDtls>
				</NtryDtls>
				<AddtlNtryInf>Ueberweisung(DirectBanking)</AddtlNtryInf>
			</Ntry>
			<Ntry>
				<Amt Ccy="EUR">62.41</Amt>
				<CdtDbtInd>DBIT</CdtDbtInd>
				<Sts>BOOK</Sts>
				<BookgDt>
					<Dt>2019-09-25</Dt>
				</BookgDt>
				<ValDt>
					<Dt>2019-09-25</Dt>
				</ValDt>
				<AcctSvcrRef>0934490016014447</AcctSvcrRef>
				<BkTxCd>
					<Domn>
						<Cd>PMNT</Cd>
						<Fmly>
							<Cd>IDDT</Cd>
							<SubFmlyCd>UPDD</SubFmlyCd>
						</Fmly>
					</Domn>
					<Prtry>
						<Cd>109</Cd>
						<Issr>DK</Issr>
					</Prtry>
				</BkTxCd>
				<NtryDtls>
					<TxDtls>
						<Refs>
							<EndToEndId>1236/51</EndToEndId>
							<TxId>2019092453647612903300000010000001</TxId>
							<MndtId>313441</MndtId>
							<ClrSysRef>XPEIDRH190924BSWI0467790000271</ClrSysRef>
						</Refs>
						<AmtDtls>
							<InstdAmt>
								<Amt Ccy="EUR">54.41</Amt>
							</InstdAmt>
							<TxAmt>
								<Amt Ccy="EUR">62.41</Amt>
							</TxAmt>
							<PrtryAmt>
								<Tp>IBS</Tp>
								<Amt Ccy="EUR">57.41</Amt>
							</PrtryAmt>
						</AmtDtls>
						<BkTxCd>
							<Domn>
								<Cd>PMNT</Cd>
								<Fmly>
									<Cd>IDDT</Cd>
									<SubFmlyCd>UPDD</SubFmlyCd>
								</Fmly>
							</Domn>
							<Prtry>
								<Cd>NRTI+109+19</Cd>
								<Issr>DK</Issr>
							</Prtry>
						</BkTxCd>
						<Chrgs>
							<Amt Ccy="EUR">5.00</Amt>
							<Tp>
								<Prtry>
									<Id>Eigenentgelt</Id>
								</Prtry>
							</Tp>
							<Pty>
								<FinInstnId>
									<BIC>HYVEDEMM497</BIC>
								</FinInstnId>
							</Pty>
						</Chrgs>
						<Chrgs>
							<Amt Ccy="EUR">3.00</Amt>
							<Tp>
								<Prtry>
									<Id>Fremdentgelt</Id>
								</Prtry>
							</Tp>
							<Pty>
								<FinInstnId>
									<BIC>BEVODEBBXXX</BIC>
								</FinInstnId>
							</Pty>
						</Chrgs>
						<RltdPties>
							<Dbtr>
								<Nm>Hajo Kirstan GmbH</Nm>
							</Dbtr>
							<DbtrAcct>
								<Id>
									<IBAN>DE61100900003902743013</IBAN>
								</Id>
							</DbtrAcct>
							<Cdtr>
								<Nm>A.B.S. RECHENZENTRUM</Nm>
								<Id>
									<PrvtId>
										<Othr>
											<Id>DE8400000000356096</Id>
										</Othr>
									</PrvtId>
								</Id>
							</Cdtr>
							<CdtrAcct>
								<Id>
									<IBAN>DE25870200860007404000</IBAN>
								</Id>
							</CdtrAcct>
						</RltdPties>
						<RltdAgts>
							<DbtrAgt>
								<FinInstnId>
									<BIC>BEVODEBBXXX</BIC>
								</FinInstnId>
							</DbtrAgt>
							<CdtrAgt>
								<FinInstnId>
									<BIC>HYVEDEMM497</BIC>
								</FinInstnId>
							</CdtrAgt>
						</RltdAgts>
						<RmtInf>
							<Ustrd>FKN 313441 RE 184185</Ustrd>
						</RmtInf>
						<RtrInf>
							<Rsn>
								<Cd>MS03</Cd>
							</Rsn>
							<AddtlInf>RETURN/REFUND Sonstige Gründe</AddtlInf>
						</RtrInf>
					</TxDtls>
				</NtryDtls>
				<AddtlNtryInf>SEPA Lastschrift-Rueckrechn</AddtlNtryInf>
			</Ntry>
			<Ntry>
				<Amt Ccy="EUR">249.00</Amt>
				<CdtDbtInd>DBIT</CdtDbtInd>
				<Sts>BOOK</Sts>
				<BookgDt>
					<Dt>2019-09-25</Dt>
				</BookgDt>
				<ValDt>
					<Dt>2019-09-25</Dt>
				</ValDt>
				<AcctSvcrRef>0934490016014446</AcctSvcrRef>
				<BkTxCd>
					<Domn>
						<Cd>PMNT</Cd>
						<Fmly>
							<Cd>RDDT</Cd>
							<SubFmlyCd>ESDD</SubFmlyCd>
						</Fmly>
					</Domn>
					<Prtry>
						<Cd>105</Cd>
						<Issr>DK</Issr>
					</Prtry>
				</BkTxCd>
				<NtryDtls>
					<TxDtls>
						<Refs>
							<EndToEndId>359074537</EndToEndId>
							<TxId>DDA190924BSWI04263000004383</TxId>
							<MndtId>100000001437</MndtId>
							<ClrSysRef>DDA190924BSWI042630</ClrSysRef>
						</Refs>
						<BkTxCd>
							<Domn>
								<Cd>PMNT</Cd>
								<Fmly>
									<Cd>RDDT</Cd>
									<SubFmlyCd>ESDD</SubFmlyCd>
								</Fmly>
							</Domn>
							<Prtry>
								<Cd>NDDT+105+19</Cd>
								<Issr>DK</Issr>
							</Prtry>
						</BkTxCd>
						<RltdPties>
							<Dbtr>
								<Nm>ABS Rechenzentrum GmbH</Nm>
							</Dbtr>
							<DbtrAcct>
								<Id>
									<IBAN>DE25870200860007404000</IBAN>
								</Id>
							</DbtrAcct>
							<Cdtr>
								<Nm>Impulse Medien GmbH</Nm>
								<Id>
									<PrvtId>
										<Othr>
											<Id>DE75IMG00001405798</Id>
										</Othr>
									</PrvtId>
								</Id>
							</Cdtr>
							<CdtrAcct>
								<Id>
									<IBAN>DE65200400000616000600</IBAN>
								</Id>
							</CdtrAcct>
						</RltdPties>
						<RltdAgts>
							<DbtrAgt>
								<FinInstnId>
									<BIC>HYVEDEMM497</BIC>
								</FinInstnId>
							</DbtrAgt>
							<CdtrAgt>
								<FinInstnId>
									<BIC>COBADEFFXXX</BIC>
								</FinInstnId>
							</CdtrAgt>
						</RltdAgts>
						<RmtInf>
							<Ustrd>TXID 359074537 Impulse Medien GmbH 20191011081</Ustrd>
						</RmtInf>
					</TxDtls>
				</NtryDtls>
				<AddtlNtryInf>Lastschrift</AddtlNtryInf>
			</Ntry>
			<Ntry>
				<Amt Ccy="EUR">833.33</Amt>
				<CdtDbtInd>DBIT</CdtDbtInd>
				<Sts>BOOK</Sts>
				<BookgDt>
					<Dt>2019-09-25</Dt>
				</BookgDt>
				<ValDt>
					<Dt>2019-09-25</Dt>
				</ValDt>
				<AcctSvcrRef>0925099127001354</AcctSvcrRef>
				<BkTxCd>
					<Domn>
						<Cd>PMNT</Cd>
						<Fmly>
							<Cd>ICDT</Cd>
							<SubFmlyCd>ESCT</SubFmlyCd>
						</Fmly>
					</Domn>
					<Prtry>
						<Cd>117</Cd>
						<Issr>DK</Issr>
					</Prtry>
				</BkTxCd>
				<NtryDtls>
					<TxDtls>
						<Refs>
							<TxId>201909250000000024036654</TxId>
						</Refs>
						<BkTxCd>
							<Domn>
								<Cd>PMNT</Cd>
								<Fmly>
									<Cd>ICDT</Cd>
									<SubFmlyCd>ESCT</SubFmlyCd>
								</Fmly>
							</Domn>
							<Prtry>
								<Cd>NSTO+117+0</Cd>
								<Issr>DK</Issr>
							</Prtry>
						</BkTxCd>
						<RltdPties>
							<Dbtr>
								<Nm>A.B.S. RECHENZENTRUM</Nm>
							</Dbtr>
							<DbtrAcct>
								<Id>
									<IBAN>DE25870200860007404000</IBAN>
								</Id>
							</DbtrAcct>
							<Cdtr>
								<Nm>A.B.S. RECHENZENTRUM GMBH</Nm>
							</Cdtr>
							<CdtrAcct>
								<Id>
									<IBAN>DE48700543060055626600</IBAN>
								</Id>
							</CdtrAcct>
						</RltdPties>
						<RltdAgts>
							<DbtrAgt>
								<FinInstnId>
									<BIC>HYVEDEMM497</BIC>
								</FinInstnId>
							</DbtrAgt>
							<CdtrAgt>
								<FinInstnId>
									<BIC>BYLADEM1WOR</BIC>
								</FinInstnId>
							</CdtrAgt>
						</RltdAgts>
						<RmtInf>
							<Ustrd>Order-Nr. 00024036654</Ustrd>
							<Ustrd>DA-Nr./Ref.</Ustrd>
							<Ustrd>Rate Darlehen a.b.s. Chemni</Ustrd>
							<Ustrd>tz</Ustrd>
						</RmtInf>
					</TxDtls>
				</NtryDtls>
				<AddtlNtryInf>Dauerauftrag (Ausfuehrung)</AddtlNtryInf>
			</Ntry>
			<Ntry>
				<Amt Ccy="EUR">4993.68</Amt>
				<CdtDbtInd>DBIT</CdtDbtInd>
				<Sts>BOOK</Sts>
				<BookgDt>
					<Dt>2019-09-25</Dt>
				</BookgDt>
				<ValDt>
					<Dt>2019-09-25</Dt>
				</ValDt>
				<AcctSvcrRef>0932790050147423</AcctSvcrRef>
				<BkTxCd>
					<Domn>
						<Cd>PMNT</Cd>
						<Fmly>
							<Cd>ICDT</Cd>
							<SubFmlyCd>ESCT</SubFmlyCd>
						</Fmly>
					</Domn>
					<Prtry>
						<Cd>177</Cd>
						<Issr>DK</Issr>
					</Prtry>
				</BkTxCd>
				<NtryDtls>
					<TxDtls>
						<Refs>
							<EndToEndId>NOTPROVIDED</EndToEndId>
							<ClrSysRef>VPE1909251502000000102172</ClrSysRef>
						</Refs>
						<BkTxCd>
							<Domn>
								<Cd>PMNT</Cd>
								<Fmly>
									<Cd>ICDT</Cd>
									<SubFmlyCd>ESCT</SubFmlyCd>
								</Fmly>
							</Domn>
							<Prtry>
								<Cd>NTRF+177+91</Cd>
								<Issr>DK</Issr>
							</Prtry>
						</BkTxCd>
						<RltdPties>
							<Dbtr>
								<Nm>A.B.S. RECHENZENTRUM </Nm>
							</Dbtr>
							<DbtrAcct>
								<Id>
									<IBAN>DE25870200860007404000</IBAN>
								</Id>
							</DbtrAcct>
							<Cdtr>
								<Nm>a.b.s. Rechenzentrum Muenchen </Nm>
							</Cdtr>
							<CdtrAcct>
								<Id>
									<IBAN>DE48700543060055626600</IBAN>
								</Id>
							</CdtrAcct>
						</RltdPties>
						<RltdAgts>
							<DbtrAgt>
								<FinInstnId>
									<BIC>HYVEDEMM497</BIC>
								</FinInstnId>
							</DbtrAgt>
							<CdtrAgt>
								<FinInstnId>
									<BIC>BYLADEM1WOR</BIC>
								</FinInstnId>
							</CdtrAgt>
						</RltdAgts>
						<RmtInf>
							<Ustrd>KD 700000 RE 861662, 861659, 861661</Ustrd>
						</RmtInf>
					</TxDtls>
				</NtryDtls>
				<AddtlNtryInf>Ueberweisung(DirectBanking)</AddtlNtryInf>
			</Ntry>
			<Ntry>
				<Amt Ccy="EUR">22.91</Amt>
				<CdtDbtInd>CRDT</CdtDbtInd>
				<Sts>BOOK</Sts>
				<BookgDt>
					<Dt>2019-09-25</Dt>
				</BookgDt>
				<ValDt>
					<Dt>2019-09-25</Dt>
				</ValDt>
				<AcctSvcrRef>0932690037003315</AcctSvcrRef>
				<BkTxCd>
					<Domn>
						<Cd>PMNT</Cd>
						<Fmly>
							<Cd>RCDT</Cd>
							<SubFmlyCd>ESCT</SubFmlyCd>
						</Fmly>
					</Domn>
					<Prtry>
						<Cd>166</Cd>
						<Issr>DK</Issr>
					</Prtry>
				</BkTxCd>
				<NtryDtls>
					<TxDtls>
						<Refs>
							<EndToEndId>ZV0100275095793100000002</EndToEndId>
							<TxId>CTC190925BSWI01809700000377</TxId>
							<ClrSysRef>CTC190925BSWI018097</ClrSysRef>
						</Refs>
						<BkTxCd>
							<Domn>
								<Cd>PMNT</Cd>
								<Fmly>
									<Cd>RCDT</Cd>
									<SubFmlyCd>ESCT</SubFmlyCd>
								</Fmly>
							</Domn>
							<Prtry>
								<Cd>NTRF+166+19</Cd>
								<Issr>DK</Issr>
							</Prtry>
						</BkTxCd>
						<RltdPties>
							<Dbtr>
								<Nm>MARINA PICK</Nm>
							</Dbtr>
							<DbtrAcct>
								<Id>
									<IBAN>DE93440100460139928467</IBAN>
								</Id>
							</DbtrAcct>
							<Cdtr>
								<Nm>abs Rechenzentrum</Nm>
							</Cdtr>
							<CdtrAcct>
								<Id>
									<IBAN>DE25870200860007404000</IBAN>
								</Id>
							</CdtrAcct>
						</RltdPties>
						<RltdAgts>
							<DbtrAgt>
								<FinInstnId>
									<BIC>PBNKDEFFXXX</BIC>
								</FinInstnId>
							</DbtrAgt>
							<CdtrAgt>
								<FinInstnId>
									<BIC>HYVEDEMM497</BIC>
								</FinInstnId>
							</CdtrAgt>
						</RltdAgts>
						<RmtInf>
							<Ustrd>183716, 313996</Ustrd>
						</RmtInf>
					</TxDtls>
				</NtryDtls>
				<AddtlNtryInf>SEPA-Gutschrift</AddtlNtryInf>
			</Ntry>
			<Ntry>
				<Amt Ccy="EUR">40.67</Amt>
				<CdtDbtInd>CRDT</CdtDbtInd>
				<Sts>BOOK</Sts>
				<BookgDt>
					<Dt>2019-09-25</Dt>
				</BookgDt>
				<ValDt>
					<Dt>2019-09-25</Dt>
				</ValDt>
				<AcctSvcrRef>0932690043059346</AcctSvcrRef>
				<BkTxCd>
					<Domn>
						<Cd>PMNT</Cd>
						<Fmly>
							<Cd>RCDT</Cd>
							<SubFmlyCd>ESCT</SubFmlyCd>
						</Fmly>
					</Domn>
					<Prtry>
						<Cd>166</Cd>
						<Issr>DK</Issr>
					</Prtry>
				</BkTxCd>
				<NtryDtls>
					<TxDtls>
						<Refs>
							<EndToEndId>E2EC190923000005</EndToEndId>
							<TxId>CTC190925BSWI02421100001501</TxId>
							<ClrSysRef>CTC190925BSWI024211</ClrSysRef>
						</Refs>
						<BkTxCd>
							<Domn>
								<Cd>PMNT</Cd>
								<Fmly>
									<Cd>RCDT</Cd>
									<SubFmlyCd>ESCT</SubFmlyCd>
								</Fmly>
							</Domn>
							<Prtry>
								<Cd>NTRF+166+19</Cd>
								<Issr>DK</Issr>
							</Prtry>
						</BkTxCd>
						<RltdPties>
							<Dbtr>
								<Nm>TIB Immobilien GmbH</Nm>
								<PstlAdr>
									<Ctry>DE</Ctry>
									<AdrLine>Kurfürstendamm 195                                                    </AdrLine>
									<AdrLine>10707 Berlin</AdrLine>
								</PstlAdr>
							</Dbtr>
							<DbtrAcct>
								<Id>
									<IBAN>DE70100708480039815600</IBAN>
								</Id>
							</DbtrAcct>
							<Cdtr>
								<Nm>ABS RECHENZENTRUM</Nm>
								<PstlAdr>
									<Ctry>DE</Ctry>
									<AdrLine>Berlin</AdrLine>
								</PstlAdr>
							</Cdtr>
							<CdtrAcct>
								<Id>
									<IBAN>DE25870200860007404000</IBAN>
								</Id>
							</CdtrAcct>
						</RltdPties>
						<RltdAgts>
							<DbtrAgt>
								<FinInstnId>
									<BIC>DEUTDEDB110</BIC>
								</FinInstnId>
							</DbtrAgt>
							<CdtrAgt>
								<FinInstnId>
									<BIC>HYVEDEMM497</BIC>
								</FinInstnId>
							</CdtrAgt>
						</RltdAgts>
						<RmtInf>
							<Ustrd>RE 183520</Ustrd>
						</RmtInf>
					</TxDtls>
				</NtryDtls>
				<AddtlNtryInf>SEPA-Gutschrift</AddtlNtryInf>
			</Ntry>
			<Ntry>
				<Amt Ccy="EUR">71.28</Amt>
				<CdtDbtInd>CRDT</CdtDbtInd>
				<Sts>BOOK</Sts>
				<BookgDt>
					<Dt>2019-09-25</Dt>
				</BookgDt>
				<ValDt>
					<Dt>2019-09-25</Dt>
				</ValDt>
				<AcctSvcrRef>0932690043059347</AcctSvcrRef>
				<BkTxCd>
					<Domn>
						<Cd>PMNT</Cd>
						<Fmly>
							<Cd>RCDT</Cd>
							<SubFmlyCd>ESCT</SubFmlyCd>
						</Fmly>
					</Domn>
					<Prtry>
						<Cd>166</Cd>
						<Issr>DK</Issr>
					</Prtry>
				</BkTxCd>
				<NtryDtls>
					<TxDtls>
						<Refs>
							<TxId>CTC190925BSWI02434300025696</TxId>
							<ClrSysRef>CTC190925BSWI024343</ClrSysRef>
						</Refs>
						<BkTxCd>
							<Domn>
								<Cd>PMNT</Cd>
								<Fmly>
									<Cd>RCDT</Cd>
									<SubFmlyCd>ESCT</SubFmlyCd>
								</Fmly>
							</Domn>
							<Prtry>
								<Cd>NTRF+166+19</Cd>
								<Issr>DK</Issr>
							</Prtry>
						</BkTxCd>
						<RltdPties>
							<Dbtr>
								<Nm>Stefan Hans</Nm>
							</Dbtr>
							<DbtrAcct>
								<Id>
									<IBAN>DE93100900002570594004</IBAN>
								</Id>
							</DbtrAcct>
							<Cdtr>
								<Nm>ABS Rechenzentrum</Nm>
							</Cdtr>
							<CdtrAcct>
								<Id>
									<IBAN>DE25870200860007404000</IBAN>
								</Id>
							</CdtrAcct>
						</RltdPties>
						<RltdAgts>
							<DbtrAgt>
								<FinInstnId>
									<BIC>BEVODEBB</BIC>
								</FinInstnId>
							</DbtrAgt>
							<CdtrAgt>
								<FinInstnId>
									<BIC>HYVEDEMM497</BIC>
								</FinInstnId>
							</CdtrAgt>
						</RltdAgts>
						<RmtInf>
							<Ustrd>KN. 311379 RE 183527</Ustrd>
						</RmtInf>
					</TxDtls>
				</NtryDtls>
				<AddtlNtryInf>SEPA-Gutschrift</AddtlNtryInf>
			</Ntry>
			<Ntry>
				<Amt Ccy="EUR">103.95</Amt>
				<CdtDbtInd>CRDT</CdtDbtInd>
				<Sts>BOOK</Sts>
				<BookgDt>
					<Dt>2019-09-25</Dt>
				</BookgDt>
				<ValDt>
					<Dt>2019-09-25</Dt>
				</ValDt>
				<AcctSvcrRef>0932690016003211</AcctSvcrRef>
				<BkTxCd>
					<Domn>
						<Cd>PMNT</Cd>
						<Fmly>
							<Cd>RCDT</Cd>
							<SubFmlyCd>ESCT</SubFmlyCd>
						</Fmly>
					</Domn>
					<Prtry>
						<Cd>166</Cd>
						<Issr>DK</Issr>
					</Prtry>
				</BkTxCd>
				<NtryDtls>
					<TxDtls>
						<Refs>
							<TxId>CTC190925BSWI00289700063087</TxId>
							<ClrSysRef>CTC190925BSWI002897</ClrSysRef>
						</Refs>
						<BkTxCd>
							<Domn>
								<Cd>PMNT</Cd>
								<Fmly>
									<Cd>RCDT</Cd>
									<SubFmlyCd>ESCT</SubFmlyCd>
								</Fmly>
							</Domn>
							<Prtry>
								<Cd>NTRF+166+20</Cd>
								<Issr>DK</Issr>
							</Prtry>
						</BkTxCd>
						<RltdPties>
							<Dbtr>
								<Nm>Autohaus Obermenzing GmbH</Nm>
							</Dbtr>
							<DbtrAcct>
								<Id>
									<IBAN>DE06700515400000593558</IBAN>
								</Id>
							</DbtrAcct>
							<Cdtr>
								<Nm>ABS-EDV Buchungsservice</Nm>
							</Cdtr>
							<CdtrAcct>
								<Id>
									<IBAN>DE25870200860007404000</IBAN>
								</Id>
							</CdtrAcct>
						</RltdPties>
						<RltdAgts>
							<DbtrAgt>
								<FinInstnId>
									<BIC>BYLADEM1DAH</BIC>
								</FinInstnId>
							</DbtrAgt>
							<CdtrAgt>
								<FinInstnId>
									<BIC>HYVEDEMM497</BIC>
								</FinInstnId>
							</CdtrAgt>
						</RltdAgts>
						<RmtInf>
							<Ustrd>KD.NR.710710 RE.NR.184766</Ustrd>
						</RmtInf>
					</TxDtls>
				</NtryDtls>
				<AddtlNtryInf>SEPA-Gutschrift</AddtlNtryInf>
			</Ntry>
			<Ntry>
				<Amt Ccy="EUR">197.18</Amt>
				<CdtDbtInd>CRDT</CdtDbtInd>
				<Sts>BOOK</Sts>
				<BookgDt>
					<Dt>2019-09-25</Dt>
				</BookgDt>
				<ValDt>
					<Dt>2019-09-25</Dt>
				</ValDt>
				<AcctSvcrRef>0932690049027724</AcctSvcrRef>
				<BkTxCd>
					<Domn>
						<Cd>PMNT</Cd>
						<Fmly>
							<Cd>RCDT</Cd>
							<SubFmlyCd>ESCT</SubFmlyCd>
						</Fmly>
					</Domn>
					<Prtry>
						<Cd>166</Cd>
						<Issr>DK</Issr>
					</Prtry>
				</BkTxCd>
				<NtryDtls>
					<TxDtls>
						<Refs>
							<TxId>CTC190925BSWI04444800006437</TxId>
							<ClrSysRef>CTC190925BSWI044448</ClrSysRef>
						</Refs>
						<BkTxCd>
							<Domn>
								<Cd>PMNT</Cd>
								<Fmly>
									<Cd>RCDT</Cd>
									<SubFmlyCd>ESCT</SubFmlyCd>
								</Fmly>
							</Domn>
							<Prtry>
								<Cd>NTRF+166+19</Cd>
								<Issr>DK</Issr>
							</Prtry>
						</BkTxCd>
						<RltdPties>
							<Dbtr>
								<Nm>Schlosshotel Goetzenburg Betriebs GmbH</Nm>
							</Dbtr>
							<DbtrAcct>
								<Id>
									<IBAN>DE60620916000162597002</IBAN>
								</Id>
							</DbtrAcct>
							<Cdtr>
								<Nm>Abs rechenzentrum</Nm>
							</Cdtr>
							<CdtrAcct>
								<Id>
									<IBAN>DE25870200860007404000</IBAN>
								</Id>
							</CdtrAcct>
						</RltdPties>
						<RltdAgts>
							<DbtrAgt>
								<FinInstnId>
									<BIC>GENODES1VMN</BIC>
								</FinInstnId>
							</DbtrAgt>
							<CdtrAgt>
								<FinInstnId>
									<BIC>HYVEDEMM497</BIC>
								</FinInstnId>
							</CdtrAgt>
						</RltdAgts>
						<RmtInf>
							<Ustrd>kd 313701 re 184877</Ustrd>
						</RmtInf>
					</TxDtls>
				</NtryDtls>
				<AddtlNtryInf>SEPA-Gutschrift</AddtlNtryInf>
			</Ntry>
			<Ntry>
				<Amt Ccy="EUR">393.65</Amt>
				<CdtDbtInd>CRDT</CdtDbtInd>
				<Sts>BOOK</Sts>
				<BookgDt>
					<Dt>2019-09-25</Dt>
				</BookgDt>
				<ValDt>
					<Dt>2019-09-25</Dt>
				</ValDt>
				<AcctSvcrRef>0934490037009662</AcctSvcrRef>
				<BkTxCd>
					<Domn>
						<Cd>PMNT</Cd>
						<Fmly>
							<Cd>IDDT</Cd>
							<SubFmlyCd>ESDD</SubFmlyCd>
						</Fmly>
					</Domn>
					<Prtry>
						<Cd>171</Cd>
						<Issr>DK</Issr>
					</Prtry>
				</BkTxCd>
				<NtryDtls>
					<TxDtls>
						<Refs>
							<MsgId>BXM1924142947</MsgId>
							<PmtInfId>BXP1924051961</PmtInfId>
							<InstrId>DDB190923ZHBC04805700000001</InstrId>
							<TxId>DDB190923ZHBC04805700000001</TxId>
							<MndtId>314249</MndtId>
							<ClrSysRef>DDB190923ZHBC048057</ClrSysRef>
						</Refs>
						<BkTxCd>
							<Domn>
								<Cd>PMNT</Cd>
								<Fmly>
									<Cd>IDDT</Cd>
									<SubFmlyCd>ESDD</SubFmlyCd>
								</Fmly>
							</Domn>
							<Prtry>
								<Cd>NDDT+171+50</Cd>
								<Issr>DK</Issr>
							</Prtry>
						</BkTxCd>
						<RltdPties>
							<InitgPty>
								<Nm>A.B.S. RECHENZENTRUM</Nm>
							</InitgPty>
							<Dbtr>
								<Nm>Pflegeservice Reiss GmbH</Nm>
							</Dbtr>
							<DbtrAcct>
								<Id>
									<IBAN>DE79860100900989260906</IBAN>
								</Id>
							</DbtrAcct>
							<Cdtr>
								<Nm>A.B.S. RECHENZENTRUM</Nm>
								<Id>
									<PrvtId>
										<Othr>
											<Id>DE8400000000356096</Id>
										</Othr>
									</PrvtId>
								</Id>
							</Cdtr>
							<CdtrAcct>
								<Id>
									<IBAN>DE25870200860007404000</IBAN>
								</Id>
							</CdtrAcct>
						</RltdPties>
						<RltdAgts>
							<DbtrAgt>
								<FinInstnId>
									<BIC>PBNKDEFFXXX</BIC>
								</FinInstnId>
							</DbtrAgt>
							<CdtrAgt>
								<FinInstnId>
									<BIC>HYVEDEMM497</BIC>
								</FinInstnId>
							</CdtrAgt>
						</RltdAgts>
						<RmtInf>
							<Ustrd>RE 182487 vom 14.08.2019, 182280 vom 08.08.2019 314249</Ustrd>
						</RmtInf>
						<RltdDts>
							<Prtry>
								<Tp>CreationDateTime of Payment Order</Tp>
								<Dt>
									<DtTm>2019-09-23T10:59:53.000+02:00</DtTm>
								</Dt>
							</Prtry>
						</RltdDts>
					</TxDtls>
				</NtryDtls>
				<AddtlNtryInf>SEPA Basislastschrift E.v.</AddtlNtryInf>
			</Ntry>
		</Stmt>
	</BkToCstmrStmt>
</Document>