<?xml version="1.0" encoding="UTF-8" ?>
<Document xmlns="urn:iso:std:iso:20022:tech:xsd:camt.053.001.02" xmlns:xsi="http://www.w3.org/2001/XMLSchema-instance">
	<BkToCstmrStmt>
		<GrpHdr>
			<MsgId>20190930214036636206</MsgId>
			<CreDtTm>2019-09-30T19:00:00.000+02:00</CreDtTm>
			<MsgRcpt>
				<Nm>Firma a.b.s. Rechenzentrum GmbH</Nm>
				<PstlAdr>
					<AdrLine>An der Markthalle 4</AdrLine>
					<AdrLine>09111 Chemnitz</AdrLine>
				</PstlAdr>
			</MsgRcpt>
			<MsgPgntn>
				<PgNb>1</PgNb>
				<LastPgInd>true</LastPgInd>
			</MsgPgntn>
		</GrpHdr>
		<Stmt>
			<Id>34938000740400020190930214036636206</Id>
			<ElctrncSeqNb>5</ElctrncSeqNb>
			<CreDtTm>2019-09-30T19:00:00.000+02:00</CreDtTm>
			<FrToDt>
				<FrDtTm>2019-09-30T00:00:00.000+02:00</FrDtTm>
				<ToDtTm>2019-09-30T24:00:00.000+02:00</ToDtTm>
			</FrToDt>
			<Acct>
				<Id>
					<IBAN>DE25870200860007404000</IBAN>
				</Id>
				<Ccy>EUR</Ccy>
				<Ownr>
					<Nm>Firma a.b.s. Rechenzentrum GmbH</Nm>
					<PstlAdr>
						<AdrLine>An der Markthalle 4</AdrLine>
						<AdrLine>09111 Chemnitz</AdrLine>
					</PstlAdr>
				</Ownr>
				<Svcr>
					<FinInstnId>
						<BIC>HYVEDEMM497</BIC>
						<Nm>UNICREDIT BANK AG</Nm>
						<Othr>
							<Id>DE 129273380</Id>
							<Issr>UmsStId</Issr>
						</Othr>
					</FinInstnId>
				</Svcr>
			</Acct>
			<Bal>
				<Tp>
					<CdOrPrtry>
						<Cd>PRCD</Cd>
					</CdOrPrtry>
				</Tp>
				<Amt Ccy="EUR">5172.77</Amt>
				<CdtDbtInd>CRDT</CdtDbtInd>
				<Dt>
					<Dt>2019-09-27</Dt>
				</Dt>
			</Bal>
			<Bal>
				<Tp>
					<CdOrPrtry>
						<Cd>CLBD</Cd>
					</CdOrPrtry>
				</Tp>
				<Amt Ccy="EUR">19887.72</Amt>
				<CdtDbtInd>CRDT</CdtDbtInd>
				<Dt>
					<Dt>2019-09-30</Dt>
				</Dt>
			</Bal>
			<Bal>
				<Tp>
					<CdOrPrtry>
						<Cd>CLAV</Cd>
					</CdOrPrtry>
				</Tp>
				<Amt Ccy="EUR">19887.72</Amt>
				<CdtDbtInd>CRDT</CdtDbtInd>
				<Dt>
					<Dt>2019-09-30</Dt>
				</Dt>
			</Bal>
			<Ntry>
				<Amt Ccy="EUR">1.66</Amt>
				<CdtDbtInd>DBIT</CdtDbtInd>
				<Sts>BOOK</Sts>
				<BookgDt>
					<Dt>2019-09-30</Dt>
				</BookgDt>
				<ValDt>
					<Dt>2019-09-30</Dt>
				</ValDt>
				<AcctSvcrRef>0932890032129127</AcctSvcrRef>
				<BkTxCd>
					<Domn>
						<Cd>ACMT</Cd>
						<Fmly>
							<Cd>MDOP</Cd>
							<SubFmlyCd>CHRG</SubFmlyCd>
						</Fmly>
					</Domn>
					<Prtry>
						<Cd>808</Cd>
						<Issr>DK</Issr>
					</Prtry>
				</BkTxCd>
				<NtryDtls>
					<TxDtls>
						<BkTxCd>
							<Domn>
								<Cd>ACMT</Cd>
								<Fmly>
									<Cd>MDOP</Cd>
									<SubFmlyCd>CHRG</SubFmlyCd>
								</Fmly>
							</Domn>
							<Prtry>
								<Cd>NCHG+808+393</Cd>
								<Issr>DK</Issr>
							</Prtry>
						</BkTxCd>
						<RmtInf>
							<Ustrd>Preis Ueberweisung                                (Datei mit EU  monatlich)                              1 Datei/en zu 1,00 EUR             </Ustrd>
							<Ustrd>               22 Posten zu 0,030 EUR</Ustrd>
						</RmtInf>
					</TxDtls>
				</NtryDtls>
				<AddtlNtryInf>GEBUEHREN</AddtlNtryInf>
			</Ntry>
			<Ntry>
				<Amt Ccy="EUR">52.66</Amt>
				<CdtDbtInd>DBIT</CdtDbtInd>
				<Sts>BOOK</Sts>
				<BookgDt>
					<Dt>2019-09-30</Dt>
				</BookgDt>
				<ValDt>
					<Dt>2019-09-30</Dt>
				</ValDt>
				<AcctSvcrRef>0935890021007948</AcctSvcrRef>
				<BkTxCd>
					<Domn>
						<Cd>PMNT</Cd>
						<Fmly>
							<Cd>CCRD</Cd>
							<SubFmlyCd>POSD</SubFmlyCd>
						</Fmly>
					</Domn>
					<Prtry>
						<Cd>106</Cd>
						<Issr>DK</Issr>
					</Prtry>
				</BkTxCd>
				<NtryDtls>
					<TxDtls>
						<Refs>
							<EndToEndId>65339011540963280919112014</EndToEndId>
							<TxId>DDA190930BSWC03587800002829</TxId>
							<MndtId>525751</MndtId>
							<ClrSysRef>DDA190930BSWC035878</ClrSysRef>
						</Refs>
						<BkTxCd>
							<Domn>
								<Cd>PMNT</Cd>
								<Fmly>
									<Cd>CCRD</Cd>
									<SubFmlyCd>POSD</SubFmlyCd>
								</Fmly>
							</Domn>
							<Prtry>
								<Cd>NMSC+106+19</Cd>
								<Issr>DK</Issr>
							</Prtry>
						</BkTxCd>
						<RltdPties>
							<Dbtr>
								<Nm>ISSUER</Nm>
								<Id>
									<OrgId>
										<Othr>
											<Id>67222105</Id>
										</Othr>
									</OrgId>
								</Id>
							</Dbtr>
							<DbtrAcct>
								<Id>
									<IBAN>DE25870200860007404000</IBAN>
								</Id>
							</DbtrAcct>
							<Cdtr>
								<Nm>POSSLING GMBH + CO.KG</Nm>
								<Id>
									<PrvtId>
										<Othr>
											<Id>DE90ZZZ00000052863</Id>
										</Othr>
									</PrvtId>
								</Id>
							</Cdtr>
							<CdtrAcct>
								<Id>
									<IBAN>DE69100700000211400700</IBAN>
								</Id>
							</CdtrAcct>
							<UltmtCdtr>
								<Nm>POSSLING GMBH + CO.//BERLIN/DE</Nm>
								<Id>
									<OrgId>
										<Othr>
											<Id>DE90ZZZ00000052863</Id>
											<SchmeNm>
												<Prtry>SEPA</Prtry>
											</SchmeNm>
										</Othr>
									</OrgId>
								</Id>
							</UltmtCdtr>
						</RltdPties>
						<RltdAgts>
							<DbtrAgt>
								<FinInstnId>
									<BIC>HYVEDEMM497</BIC>
								</FinInstnId>
							</DbtrAgt>
							<CdtrAgt>
								<FinInstnId>
									<BIC>DEUTDEBBXXX</BIC>
								</FinInstnId>
							</CdtrAgt>
						</RltdAgts>
						<Purp>
							<Cd>IDCP</Cd>
						</Purp>
						<RltdDts>
							<Prtry>
								<Tp>CreationDateTime of Payment Order</Tp>
								<Dt>
									<DtTm>2019-09-28T11:20:14.000+02:00</DtTm>
								</Dt>
							</Prtry>
						</RltdDts>
					</TxDtls>
				</NtryDtls>
				<AddtlNtryInf>POS-Kartenzahlung</AddtlNtryInf>
			</Ntry>
			<Ntry>
				<Amt Ccy="EUR">58.80</Amt>
				<CdtDbtInd>DBIT</CdtDbtInd>
				<Sts>BOOK</Sts>
				<BookgDt>
					<Dt>2019-09-30</Dt>
				</BookgDt>
				<ValDt>
					<Dt>2019-09-30</Dt>
				</ValDt>
				<AcctSvcrRef>0932890032129128</AcctSvcrRef>
				<BkTxCd>
					<Domn>
						<Cd>ACMT</Cd>
						<Fmly>
							<Cd>MDOP</Cd>
							<SubFmlyCd>CHRG</SubFmlyCd>
						</Fmly>
					</Domn>
					<Prtry>
						<Cd>808</Cd>
						<Issr>DK</Issr>
					</Prtry>
				</BkTxCd>
				<NtryDtls>
					<TxDtls>
						<BkTxCd>
							<Domn>
								<Cd>ACMT</Cd>
								<Fmly>
									<Cd>MDOP</Cd>
									<SubFmlyCd>CHRG</SubFmlyCd>
								</Fmly>
							</Domn>
							<Prtry>
								<Cd>NCHG+808+393</Cd>
								<Issr>DK</Issr>
							</Prtry>
						</BkTxCd>
						<RmtInf>
							<Ustrd>Preis                                             DD COR mit EU monatlich                               15 Datei/en zu 1,00 EUR             </Ustrd>
							<Ustrd>             1460 Posten zu 0,030 EUR</Ustrd>
						</RmtInf>
					</TxDtls>
				</NtryDtls>
				<AddtlNtryInf>GEBUEHREN</AddtlNtryInf>
			</Ntry>
			<Ntry>
				<Amt Ccy="EUR">418.90</Amt>
				<CdtDbtInd>DBIT</CdtDbtInd>
				<Sts>BOOK</Sts>
				<BookgDt>
					<Dt>2019-09-30</Dt>
				</BookgDt>
				<ValDt>
					<Dt>2019-09-30</Dt>
				</ValDt>
				<AcctSvcrRef>0934490078014719</AcctSvcrRef>
				<BkTxCd>
					<Domn>
						<Cd>PMNT</Cd>
						<Fmly>
							<Cd>RDDT</Cd>
							<SubFmlyCd>ESDD</SubFmlyCd>
						</Fmly>
					</Domn>
					<Prtry>
						<Cd>105</Cd>
						<Issr>DK</Issr>
					</Prtry>
				</BkTxCd>
				<NtryDtls>
					<TxDtls>
						<Refs>
							<EndToEndId>2001197381</EndToEndId>
							<TxId>DDA190927BSWI04212200000469</TxId>
							<MndtId>PB0DES00029387</MndtId>
							<ClrSysRef>DDA190927BSWI042122</ClrSysRef>
						</Refs>
						<BkTxCd>
							<Domn>
								<Cd>PMNT</Cd>
								<Fmly>
									<Cd>RDDT</Cd>
									<SubFmlyCd>ESDD</SubFmlyCd>
								</Fmly>
							</Domn>
							<Prtry>
								<Cd>NDDT+105+19</Cd>
								<Issr>DK</Issr>
							</Prtry>
						</BkTxCd>
						<RltdPties>
							<Dbtr>
								<Nm>A.B.S. RECHENZENTRUM GMBH</Nm>
								<PstlAdr>
									<Ctry>DE</Ctry>
									<AdrLine>An der Markthalle 4                                                   </AdrLine>
									<AdrLine>D-09111 Chemnitz Germany</AdrLine>
								</PstlAdr>
							</Dbtr>
							<DbtrAcct>
								<Id>
									<IBAN>DE25870200860007404000</IBAN>
								</Id>
							</DbtrAcct>
							<Cdtr>
								<Nm>PITNEY BOWES DEUTSCHLAND GMBH</Nm>
								<PstlAdr>
									<Ctry>DE</Ctry>
									<AdrLine>Poststr. 4-6                                                          </AdrLine>
									<AdrLine>DARMSTADT</AdrLine>
								</PstlAdr>
								<Id>
									<PrvtId>
										<Othr>
											<Id>DE52ZZZ00000206904</Id>
										</Othr>
									</PrvtId>
								</Id>
							</Cdtr>
							<CdtrAcct>
								<Id>
									<IBAN>DE71501108006161516767</IBAN>
								</Id>
							</CdtrAcct>
						</RltdPties>
						<RltdAgts>
							<DbtrAgt>
								<FinInstnId>
									<BIC>HYVEDEMM497</BIC>
								</FinInstnId>
							</DbtrAgt>
							<CdtrAgt>
								<FinInstnId>
									<BIC>CHASDEFXXXX</BIC>
								</FinInstnId>
							</CdtrAgt>
						</RltdAgts>
						<RmtInf>
							<Ustrd>104772228 , 104772228 ,</Ustrd>
						</RmtInf>
					</TxDtls>
				</NtryDtls>
				<AddtlNtryInf>Lastschrift</AddtlNtryInf>
			</Ntry>
			<Ntry>
				<Amt Ccy="EUR">445.50</Amt>
				<CdtDbtInd>DBIT</CdtDbtInd>
				<Sts>BOOK</Sts>
				<BookgDt>
					<Dt>2019-09-30</Dt>
				</BookgDt>
				<ValDt>
					<Dt>2019-09-30</Dt>
				</ValDt>
				<AcctSvcrRef>0934490078014718</AcctSvcrRef>
				<BkTxCd>
					<Domn>
						<Cd>PMNT</Cd>
						<Fmly>
							<Cd>RDDT</Cd>
							<SubFmlyCd>ESDD</SubFmlyCd>
						</Fmly>
					</Domn>
					<Prtry>
						<Cd>105</Cd>
						<Issr>DK</Issr>
					</Prtry>
				</BkTxCd>
				<NtryDtls>
					<TxDtls>
						<Refs>
							<EndToEndId>1913012989</EndToEndId>
							<TxId>DDA190927BSWI01575800001268</TxId>
							<MndtId>POSTAG1000000000348434</MndtId>
							<ClrSysRef>DDA190927BSWI015758</ClrSysRef>
						</Refs>
						<BkTxCd>
							<Domn>
								<Cd>PMNT</Cd>
								<Fmly>
									<Cd>RDDT</Cd>
									<SubFmlyCd>ESDD</SubFmlyCd>
								</Fmly>
							</Domn>
							<Prtry>
								<Cd>NDDT+105+19</Cd>
								<Issr>DK</Issr>
							</Prtry>
						</BkTxCd>
						<RltdPties>
							<Dbtr>
								<Nm>A.B.S. RECHENZENTRUM GMBH</Nm>
								<PstlAdr>
									<Ctry>DE</Ctry>
									<AdrLine>AN DER MARKTHALLE 4                                                   </AdrLine>
									<AdrLine>09111 CHEMNITZ</AdrLine>
								</PstlAdr>
							</Dbtr>
							<DbtrAcct>
								<Id>
									<IBAN>DE25870200860007404000</IBAN>
								</Id>
							</DbtrAcct>
							<Cdtr>
								<Nm>Deutsche Post AG</Nm>
								<PstlAdr>
									<Ctry>DE</Ctry>
									<AdrLine>Charles-de-Gaulle-Str. 20                                             </AdrLine>
									<AdrLine>53113 Bonn</AdrLine>
								</PstlAdr>
								<Id>
									<PrvtId>
										<Othr>
											<Id>DE65ZZZ00000210259</Id>
										</Othr>
									</PrvtId>
								</Id>
							</Cdtr>
							<CdtrAcct>
								<Id>
									<IBAN>DE63380700590028000803</IBAN>
								</Id>
							</CdtrAcct>
							<UltmtCdtr>
								<Nm>DEUTSCHE POST AG</Nm>
							</UltmtCdtr>
						</RltdPties>
						<RltdAgts>
							<DbtrAgt>
								<FinInstnId>
									<BIC>HYVEDEMM497</BIC>
								</FinInstnId>
							</DbtrAgt>
							<CdtrAgt>
								<FinInstnId>
									<BIC>DEUTDEDK380</BIC>
								</FinInstnId>
							</CdtrAgt>
						</RltdAgts>
						<Purp>
							<Cd>OTHR</Cd>
						</Purp>
						<RmtInf>
							<Ustrd>Deutsche Post AG KD5060055775 2820933657 VFTN1751 REF4D09002165RE6442053117 DAT25.09.2019 PORTO FRANKIT / AFM 4D09002165</Ustrd>
						</RmtInf>
					</TxDtls>
				</NtryDtls>
				<AddtlNtryInf>Lastschrift</AddtlNtryInf>
			</Ntry>
			<Ntry>
				<Amt Ccy="EUR">689.95</Amt>
				<CdtDbtInd>DBIT</CdtDbtInd>
				<Sts>BOOK</Sts>
				<BookgDt>
					<Dt>2019-09-30</Dt>
				</BookgDt>
				<ValDt>
					<Dt>2019-09-30</Dt>
				</ValDt>
				<AcctSvcrRef>0934490078014717</AcctSvcrRef>
				<BkTxCd>
					<Domn>
						<Cd>PMNT</Cd>
						<Fmly>
							<Cd>RDDT</Cd>
							<SubFmlyCd>ESDD</SubFmlyCd>
						</Fmly>
					</Domn>
					<Prtry>
						<Cd>105</Cd>
						<Issr>DK</Issr>
					</Prtry>
				</BkTxCd>
				<NtryDtls>
					<TxDtls>
						<Refs>
							<EndToEndId>Zahlbeleg 309608860525</EndToEndId>
							<TxId>DDB190925KMVE00060300019983</TxId>
							<MndtId>DE000205000610000000000000003991146</MndtId>
							<ClrSysRef>DDB190925KMVE000603</ClrSysRef>
						</Refs>
						<BkTxCd>
							<Domn>
								<Cd>PMNT</Cd>
								<Fmly>
									<Cd>RDDT</Cd>
									<SubFmlyCd>ESDD</SubFmlyCd>
								</Fmly>
							</Domn>
							<Prtry>
								<Cd>NDDT+105+50</Cd>
								<Issr>DK</Issr>
							</Prtry>
						</BkTxCd>
						<RltdPties>
							<Dbtr>
								<Nm>A.B.S. Rechenzentrum GmbH</Nm>
								<PstlAdr>
									<Ctry>DE</Ctry>
									<AdrLine>Invalidenstr. 34                                                      </AdrLine>
									<AdrLine>10115 Berlin</AdrLine>
								</PstlAdr>
							</Dbtr>
							<DbtrAcct>
								<Id>
									<IBAN>DE25870200860007404000</IBAN>
								</Id>
							</DbtrAcct>
							<Cdtr>
								<Nm>Telekom Deutschland GmbH</Nm>
								<PstlAdr>
									<Ctry>DE</Ctry>
									<AdrLine>Landgrabenweg 151                                                     </AdrLine>
									<AdrLine>53227 Bonn</AdrLine>
								</PstlAdr>
								<Id>
									<PrvtId>
										<Othr>
											<Id>DE93ZZZ00000078611</Id>
										</Othr>
									</PrvtId>
								</Id>
							</Cdtr>
							<CdtrAcct>
								<Id>
									<IBAN>DE68700202700667302269</IBAN>
								</Id>
							</CdtrAcct>
						</RltdPties>
						<RltdAgts>
							<DbtrAgt>
								<FinInstnId>
									<BIC>HYVEDEMM497</BIC>
								</FinInstnId>
							</DbtrAgt>
							<CdtrAgt>
								<FinInstnId>
									<BIC>HYVEDEMMXXX</BIC>
								</FinInstnId>
							</CdtrAgt>
						</RltdAgts>
						<Purp>
							<Cd>OTHR</Cd>
						</Purp>
						<RmtInf>
							<Ustrd>Mobilfunk Kundenkonto 0053400905  Mobilfunk-Geraet 00005048550989/19.09.2019</Ustrd>
						</RmtInf>
					</TxDtls>
				</NtryDtls>
				<AddtlNtryInf>Lastschrift</AddtlNtryInf>
			</Ntry>
			<Ntry>
				<Amt Ccy="EUR">15.02</Amt>
				<CdtDbtInd>CRDT</CdtDbtInd>
				<Sts>BOOK</Sts>
				<BookgDt>
					<Dt>2019-09-30</Dt>
				</BookgDt>
				<ValDt>
					<Dt>2019-09-30</Dt>
				</ValDt>
				<AcctSvcrRef>0932690078001825</AcctSvcrRef>
				<BkTxCd>
					<Domn>
						<Cd>PMNT</Cd>
						<Fmly>
							<Cd>RCDT</Cd>
							<SubFmlyCd>ESCT</SubFmlyCd>
						</Fmly>
					</Domn>
					<Prtry>
						<Cd>166</Cd>
						<Issr>DK</Issr>
					</Prtry>
				</BkTxCd>
				<NtryDtls>
					<TxDtls>
						<Refs>
							<EndToEndId>307062</EndToEndId>
							<TxId>CTC190930BSWI00039200005186</TxId>
							<ClrSysRef>CTC190930BSWI000392</ClrSysRef>
						</Refs>
						<BkTxCd>
							<Domn>
								<Cd>PMNT</Cd>
								<Fmly>
									<Cd>RCDT</Cd>
									<SubFmlyCd>ESCT</SubFmlyCd>
								</Fmly>
							</Domn>
							<Prtry>
								<Cd>NTRF+166+20</Cd>
								<Issr>DK</Issr>
							</Prtry>
						</BkTxCd>
						<RltdPties>
							<Dbtr>
								<Nm>REWO UG HAFTUNGSBESCHRAENK</Nm>
								<PstlAdr>
									<Ctry>DE</Ctry>
									<AdrLine>Oschatzer Str. 64                                                     </AdrLine>
									<AdrLine>Strehla</AdrLine>
								</PstlAdr>
							</Dbtr>
							<DbtrAcct>
								<Id>
									<IBAN>DE55700170009421114922</IBAN>
								</Id>
							</DbtrAcct>
							<Cdtr>
								<Nm>ABS RECHENZENTRUM</Nm>
								<PstlAdr>
									<Ctry>DE</Ctry>
								</PstlAdr>
							</Cdtr>
							<CdtrAcct>
								<Id>
									<IBAN>DE25870200860007404000</IBAN>
								</Id>
							</CdtrAcct>
						</RltdPties>
						<RltdAgts>
							<DbtrAgt>
								<FinInstnId>
									<BIC>PAGMDEM1</BIC>
								</FinInstnId>
							</DbtrAgt>
							<CdtrAgt>
								<FinInstnId>
									<BIC>HYVEDEMM497</BIC>
								</FinInstnId>
							</CdtrAgt>
						</RltdAgts>
						<RmtInf>
							<Ustrd>FKN 314066 RGNR. 1817587,02 EUR INK L. 8,00 EUR RUECKLASTSCHRIFT</Ustrd>
						</RmtInf>
					</TxDtls>
				</NtryDtls>
				<AddtlNtryInf>SEPA-Gutschrift</AddtlNtryInf>
			</Ntry>
			<Ntry>
				<Amt Ccy="EUR">21.42</Amt>
				<CdtDbtInd>CRDT</CdtDbtInd>
				<Sts>BOOK</Sts>
				<BookgDt>
					<Dt>2019-09-30</Dt>
				</BookgDt>
				<ValDt>
					<Dt>2019-09-30</Dt>
				</ValDt>
				<AcctSvcrRef>0932690029072798</AcctSvcrRef>
				<BkTxCd>
					<Domn>
						<Cd>PMNT</Cd>
						<Fmly>
							<Cd>RCDT</Cd>
							<SubFmlyCd>ESCT</SubFmlyCd>
						</Fmly>
					</Domn>
					<Prtry>
						<Cd>166</Cd>
						<Issr>DK</Issr>
					</Prtry>
				</BkTxCd>
				<NtryDtls>
					<TxDtls>
						<Refs>
							<EndToEndId>CT-1-30.09.2019</EndToEndId>
							<TxId>CTC190930BSWI05198500019636</TxId>
							<ClrSysRef>CTC190930BSWI051985</ClrSysRef>
						</Refs>
						<BkTxCd>
							<Domn>
								<Cd>PMNT</Cd>
								<Fmly>
									<Cd>RCDT</Cd>
									<SubFmlyCd>ESCT</SubFmlyCd>
								</Fmly>
							</Domn>
							<Prtry>
								<Cd>NTRF+166+19</Cd>
								<Issr>DK</Issr>
							</Prtry>
						</BkTxCd>
						<RltdPties>
							<Dbtr>
								<Nm>Montage u Stahlbau Standke GmbH</Nm>
							</Dbtr>
							<DbtrAcct>
								<Id>
									<IBAN>DE52870962140300437176</IBAN>
								</Id>
							</DbtrAcct>
							<Cdtr>
								<Nm>abs Rechenzentrum</Nm>
							</Cdtr>
							<CdtrAcct>
								<Id>
									<IBAN>DE25870200860007404000</IBAN>
								</Id>
							</CdtrAcct>
						</RltdPties>
						<RltdAgts>
							<DbtrAgt>
								<FinInstnId>
									<BIC>GENODEF1CH1</BIC>
								</FinInstnId>
							</DbtrAgt>
							<CdtrAgt>
								<FinInstnId>
									<BIC>HYVEDEMM497</BIC>
								</FinInstnId>
							</CdtrAgt>
						</RltdAgts>
						<RmtInf>
							<Ustrd>184894/FKN724100 ER20190141/74280</Ustrd>
						</RmtInf>
					</TxDtls>
				</NtryDtls>
				<AddtlNtryInf>SEPA-Gutschrift</AddtlNtryInf>
			</Ntry>
			<Ntry>
				<Amt Ccy="EUR">16345.98</Amt>
				<CdtDbtInd>CRDT</CdtDbtInd>
				<Sts>BOOK</Sts>
				<BookgDt>
					<Dt>2019-09-30</Dt>
				</BookgDt>
				<ValDt>
					<Dt>2019-09-30</Dt>
				</ValDt>
				<AcctSvcrRef>0934490098040353</AcctSvcrRef>
				<BkTxCd>
					<Domn>
						<Cd>PMNT</Cd>
						<Fmly>
							<Cd>IDDT</Cd>
							<SubFmlyCd>ESDD</SubFmlyCd>
						</Fmly>
					</Domn>
					<Prtry>
						<Cd>192</Cd>
						<Issr>DK</Issr>
					</Prtry>
				</BkTxCd>
				<NtryDtls>
					<Btch>
						<MsgId>1237</MsgId>
						<PmtInfId>1237</PmtInfId>
						<NbOfTxs>344</NbOfTxs>
						<TtlAmt Ccy="EUR">16345.98</TtlAmt>
						<CdtDbtInd>CRDT</CdtDbtInd>
					</Btch>
					<TxDtls>
						<Refs>
							<MsgId>1237</MsgId>
							<PmtInfId>1237</PmtInfId>
							<ClrSysRef>DDB190927KMVS026185</ClrSysRef>
						</Refs>
						<BkTxCd>
							<Domn>
								<Cd>PMNT</Cd>
								<Fmly>
									<Cd>IDDT</Cd>
									<SubFmlyCd>ESDD</SubFmlyCd>
								</Fmly>
							</Domn>
							<Prtry>
								<Cd>NDDT+192+50</Cd>
								<Issr>DK</Issr>
							</Prtry>
						</BkTxCd>
						<RltdPties>
							<InitgPty>
								<Nm>a.b.s. Fil. Chemnitz</Nm>
							</InitgPty>
						</RltdPties>
						<RmtInf>
							<Ustrd>SEPA BASISLASTSCHRIFT EINGAZAHLUNGSREFERENZ 1237                                 POSTEN              344    DATEI DDB190927KMVS026185</Ustrd>
						</RmtInf>
						<RltdDts>
							<Prtry>
								<Tp>CreationDateTime of Payment Order</Tp>
								<Dt>
									<DtTm>2019-09-27T10:47:00.000+02:00</DtTm>
								</Dt>
							</Prtry>
						</RltdDts>
					</TxDtls>
				</NtryDtls>
				<AddtlNtryInf>SEPA Basislastschrift E.v.</AddtlNtryInf>
			</Ntry>
		</Stmt>
	</BkToCstmrStmt>
</Document>