<?xml version="1.0" encoding="UTF-8" ?>
<Document xmlns="urn:iso:std:iso:20022:tech:xsd:camt.053.001.02" xmlns:xsi="http://www.w3.org/2001/XMLSchema-instance">
	<BkToCstmrStmt>
		<GrpHdr>
			<MsgId>20190927213432447264</MsgId>
			<CreDtTm>2019-09-27T19:00:00.000+02:00</CreDtTm>
			<MsgRcpt>
				<Nm>Firma a.b.s. Rechenzentrum GmbH</Nm>
				<PstlAdr>
					<AdrLine>An der Markthalle 4</AdrLine>
					<AdrLine>09111 Chemnitz</AdrLine>
				</PstlAdr>
			</MsgRcpt>
			<MsgPgntn>
				<PgNb>1</PgNb>
				<LastPgInd>true</LastPgInd>
			</MsgPgntn>
		</GrpHdr>
		<Stmt>
			<Id>34938000740400020190927213432447264</Id>
			<ElctrncSeqNb>4</ElctrncSeqNb>
			<CreDtTm>2019-09-27T19:00:00.000+02:00</CreDtTm>
			<FrToDt>
				<FrDtTm>2019-09-27T00:00:00.000+02:00</FrDtTm>
				<ToDtTm>2019-09-27T24:00:00.000+02:00</ToDtTm>
			</FrToDt>
			<Acct>
				<Id>
					<IBAN>DE25870200860007404000</IBAN>
				</Id>
				<Ccy>EUR</Ccy>
				<Ownr>
					<Nm>Firma a.b.s. Rechenzentrum GmbH</Nm>
					<PstlAdr>
						<AdrLine>An der Markthalle 4</AdrLine>
						<AdrLine>09111 Chemnitz</AdrLine>
					</PstlAdr>
				</Ownr>
				<Svcr>
					<FinInstnId>
						<BIC>HYVEDEMM497</BIC>
						<Nm>UNICREDIT BANK AG</Nm>
						<Othr>
							<Id>DE 129273380</Id>
							<Issr>UmsStId</Issr>
						</Othr>
					</FinInstnId>
				</Svcr>
			</Acct>
			<Bal>
				<Tp>
					<CdOrPrtry>
						<Cd>PRCD</Cd>
					</CdOrPrtry>
				</Tp>
				<Amt Ccy="EUR">5649.38</Amt>
				<CdtDbtInd>CRDT</CdtDbtInd>
				<Dt>
					<Dt>2019-09-26</Dt>
				</Dt>
			</Bal>
			<Bal>
				<Tp>
					<CdOrPrtry>
						<Cd>CLBD</Cd>
					</CdOrPrtry>
				</Tp>
				<Amt Ccy="EUR">5172.77</Amt>
				<CdtDbtInd>CRDT</CdtDbtInd>
				<Dt>
					<Dt>2019-09-27</Dt>
				</Dt>
			</Bal>
			<Bal>
				<Tp>
					<CdOrPrtry>
						<Cd>CLAV</Cd>
					</CdOrPrtry>
				</Tp>
				<Amt Ccy="EUR">5172.77</Amt>
				<CdtDbtInd>CRDT</CdtDbtInd>
				<Dt>
					<Dt>2019-09-27</Dt>
				</Dt>
			</Bal>
			<Ntry>
				<Amt Ccy="EUR">5.99</Amt>
				<CdtDbtInd>DBIT</CdtDbtInd>
				<Sts>BOOK</Sts>
				<BookgDt>
					<Dt>2019-09-27</Dt>
				</BookgDt>
				<ValDt>
					<Dt>2019-09-27</Dt>
				</ValDt>
				<AcctSvcrRef>0934490023012160</AcctSvcrRef>
				<BkTxCd>
					<Domn>
						<Cd>PMNT</Cd>
						<Fmly>
							<Cd>RDDT</Cd>
							<SubFmlyCd>ESDD</SubFmlyCd>
						</Fmly>
					</Domn>
					<Prtry>
						<Cd>105</Cd>
						<Issr>DK</Issr>
					</Prtry>
				</BkTxCd>
				<NtryDtls>
					<TxDtls>
						<Refs>
							<EndToEndId>1912968976</EndToEndId>
							<TxId>DDA190926BSWI01416800000075</TxId>
							<MndtId>POSTAG0053000001741682</MndtId>
							<ClrSysRef>DDA190926BSWI014168</ClrSysRef>
						</Refs>
						<BkTxCd>
							<Domn>
								<Cd>PMNT</Cd>
								<Fmly>
									<Cd>RDDT</Cd>
									<SubFmlyCd>ESDD</SubFmlyCd>
								</Fmly>
							</Domn>
							<Prtry>
								<Cd>NDDT+105+19</Cd>
								<Issr>DK</Issr>
							</Prtry>
						</BkTxCd>
						<RltdPties>
							<Dbtr>
								<Nm>A.B.S. RECHENZENTRUM GMBH</Nm>
								<PstlAdr>
									<Ctry>DE</Ctry>
									<AdrLine>AN DER MARKTHALLE                                                     </AdrLine>
									<AdrLine>09111 CHEMNITZ</AdrLine>
								</PstlAdr>
							</Dbtr>
							<DbtrAcct>
								<Id>
									<IBAN>DE25870200860007404000</IBAN>
								</Id>
							</DbtrAcct>
							<Cdtr>
								<Nm>Deutsche Post AG</Nm>
								<PstlAdr>
									<Ctry>DE</Ctry>
									<AdrLine>Charles-de-Gaulle-Str. 20                                             </AdrLine>
									<AdrLine>53113 Bonn</AdrLine>
								</PstlAdr>
								<Id>
									<PrvtId>
										<Othr>
											<Id>DE65ZZZ00000210259</Id>
										</Othr>
									</PrvtId>
								</Id>
							</Cdtr>
							<CdtrAcct>
								<Id>
									<IBAN>DE63380700590028000803</IBAN>
								</Id>
							</CdtrAcct>
							<UltmtCdtr>
								<Nm>DEUTSCHE POST AG</Nm>
							</UltmtCdtr>
						</RltdPties>
						<RltdAgts>
							<DbtrAgt>
								<FinInstnId>
									<BIC>HYVEDEMM497</BIC>
								</FinInstnId>
							</DbtrAgt>
							<CdtrAgt>
								<FinInstnId>
									<BIC>DEUTDEDK380</BIC>
								</FinInstnId>
							</CdtrAgt>
						</RltdAgts>
						<Purp>
							<Cd>OTHR</Cd>
						</Purp>
						<RmtInf>
							<Ustrd>KD5060055775 2820841642 REFSAP3175401281/EFI RE7351588412 DAT24.09.2019 3175401281</Ustrd>
						</RmtInf>
					</TxDtls>
				</NtryDtls>
				<AddtlNtryInf>Lastschrift</AddtlNtryInf>
			</Ntry>
			<Ntry>
				<Amt Ccy="EUR">39.99</Amt>
				<CdtDbtInd>DBIT</CdtDbtInd>
				<Sts>BOOK</Sts>
				<BookgDt>
					<Dt>2019-09-27</Dt>
				</BookgDt>
				<ValDt>
					<Dt>2019-09-27</Dt>
				</ValDt>
				<AcctSvcrRef>0934490023012159</AcctSvcrRef>
				<BkTxCd>
					<Domn>
						<Cd>PMNT</Cd>
						<Fmly>
							<Cd>RDDT</Cd>
							<SubFmlyCd>ESDD</SubFmlyCd>
						</Fmly>
					</Domn>
					<Prtry>
						<Cd>105</Cd>
						<Issr>DK</Issr>
					</Prtry>
				</BkTxCd>
				<NtryDtls>
					<TxDtls>
						<Refs>
							<EndToEndId>RECHNR. 100667883844</EndToEndId>
							<TxId>DDA190926BSWI01416200001408</TxId>
							<MndtId>KD020002402442</MndtId>
							<ClrSysRef>DDA190926BSWI014162</ClrSysRef>
						</Refs>
						<BkTxCd>
							<Domn>
								<Cd>PMNT</Cd>
								<Fmly>
									<Cd>RDDT</Cd>
									<SubFmlyCd>ESDD</SubFmlyCd>
								</Fmly>
							</Domn>
							<Prtry>
								<Cd>NDDT+105+19</Cd>
								<Issr>DK</Issr>
							</Prtry>
						</BkTxCd>
						<RltdPties>
							<Dbtr>
								<Nm>Roscher Frank</Nm>
								<PstlAdr>
									<Ctry>DE</Ctry>
									<AdrLine>Reintrautweg                                                          </AdrLine>
									<AdrLine>12623 Berlin</AdrLine>
								</PstlAdr>
							</Dbtr>
							<DbtrAcct>
								<Id>
									<IBAN>DE25870200860007404000</IBAN>
								</Id>
							</DbtrAcct>
							<UltmtDbtr>
								<Nm>a.b.s. Rechenzentrum GmbH Berschneider, Frank</Nm>
							</UltmtDbtr>
							<Cdtr>
								<Nm>Vodafone Kabel Deutschland GmbH</Nm>
								<PstlAdr>
									<Ctry>DE</Ctry>
									<AdrLine>Beta-Str. 6-8                                                         </AdrLine>
									<AdrLine>85774 Unterföhring</AdrLine>
								</PstlAdr>
								<Id>
									<PrvtId>
										<Othr>
											<Id>DE20KD000000058294</Id>
										</Othr>
									</PrvtId>
								</Id>
							</Cdtr>
							<CdtrAcct>
								<Id>
									<IBAN>DE13380700590045335700</IBAN>
								</Id>
							</CdtrAcct>
						</RltdPties>
						<RltdAgts>
							<DbtrAgt>
								<FinInstnId>
									<BIC>HYVEDEMM497</BIC>
								</FinInstnId>
							</DbtrAgt>
							<CdtrAgt>
								<FinInstnId>
									<BIC>DEUTDEDK380</BIC>
								</FinInstnId>
							</CdtrAgt>
						</RltdAgts>
						<Purp>
							<Cd>OTHR</Cd>
						</Purp>
						<RmtInf>
							<Ustrd>09/2019 K-NR. 332094296 Ihre Rechnung online bei www.vodafone.de/meinkabel</Ustrd>
						</RmtInf>
					</TxDtls>
				</NtryDtls>
				<AddtlNtryInf>Lastschrift</AddtlNtryInf>
			</Ntry>
			<Ntry>
				<Amt Ccy="EUR">65.00</Amt>
				<CdtDbtInd>DBIT</CdtDbtInd>
				<Sts>BOOK</Sts>
				<BookgDt>
					<Dt>2019-09-27</Dt>
				</BookgDt>
				<ValDt>
					<Dt>2019-09-27</Dt>
				</ValDt>
				<AcctSvcrRef>0935890052207760</AcctSvcrRef>
				<BkTxCd>
					<Domn>
						<Cd>PMNT</Cd>
						<Fmly>
							<Cd>CCRD</Cd>
							<SubFmlyCd>POSD</SubFmlyCd>
						</Fmly>
					</Domn>
					<Prtry>
						<Cd>106</Cd>
						<Issr>DK</Issr>
					</Prtry>
				</BkTxCd>
				<NtryDtls>
					<TxDtls>
						<Refs>
							<EndToEndId>52017209003847260919061737</EndToEndId>
							<TxId>DDA190927BSWC03227700005172</TxId>
							<MndtId>593091</MndtId>
							<ClrSysRef>DDA190927BSWC032277</ClrSysRef>
						</Refs>
						<BkTxCd>
							<Domn>
								<Cd>PMNT</Cd>
								<Fmly>
									<Cd>CCRD</Cd>
									<SubFmlyCd>POSD</SubFmlyCd>
								</Fmly>
							</Domn>
							<Prtry>
								<Cd>NMSC+106+19</Cd>
								<Issr>DK</Issr>
							</Prtry>
						</BkTxCd>
						<RltdPties>
							<Dbtr>
								<Nm>ISSUER</Nm>
								<Id>
									<OrgId>
										<Othr>
											<Id>67222105</Id>
										</Othr>
									</OrgId>
								</Id>
							</Dbtr>
							<DbtrAcct>
								<Id>
									<IBAN>DE25870200860007404000</IBAN>
								</Id>
							</DbtrAcct>
							<Cdtr>
								<Nm>Backerei Dickel</Nm>
								<Id>
									<PrvtId>
										<Othr>
											<Id>DE04ZZZ00001978891</Id>
										</Othr>
									</PrvtId>
								</Id>
							</Cdtr>
							<CdtrAcct>
								<Id>
									<IBAN>DE41513900000021502200</IBAN>
								</Id>
							</CdtrAcct>
							<UltmtCdtr>
								<Nm>Backerei Dickel//HOMBERG/DE</Nm>
								<Id>
									<OrgId>
										<Othr>
											<Id>DE04ZZZ00001978891</Id>
											<SchmeNm>
												<Prtry>SEPA</Prtry>
											</SchmeNm>
										</Othr>
									</OrgId>
								</Id>
							</UltmtCdtr>
						</RltdPties>
						<RltdAgts>
							<DbtrAgt>
								<FinInstnId>
									<BIC>HYVEDEMM497</BIC>
								</FinInstnId>
							</DbtrAgt>
							<CdtrAgt>
								<FinInstnId>
									<BIC>VBMHDE5FXXX</BIC>
								</FinInstnId>
							</CdtrAgt>
						</RltdAgts>
						<Purp>
							<Cd>IDCP</Cd>
						</Purp>
						<RltdDts>
							<Prtry>
								<Tp>CreationDateTime of Payment Order</Tp>
								<Dt>
									<DtTm>2019-09-26T06:17:37.000+02:00</DtTm>
								</Dt>
							</Prtry>
						</RltdDts>
					</TxDtls>
				</NtryDtls>
				<AddtlNtryInf>POS-Kartenzahlung</AddtlNtryInf>
			</Ntry>
			<Ntry>
				<Amt Ccy="EUR">493.62</Amt>
				<CdtDbtInd>DBIT</CdtDbtInd>
				<Sts>BOOK</Sts>
				<BookgDt>
					<Dt>2019-09-27</Dt>
				</BookgDt>
				<ValDt>
					<Dt>2019-09-27</Dt>
				</ValDt>
				<AcctSvcrRef>0934490023012158</AcctSvcrRef>
				<BkTxCd>
					<Domn>
						<Cd>PMNT</Cd>
						<Fmly>
							<Cd>RDDT</Cd>
							<SubFmlyCd>ESDD</SubFmlyCd>
						</Fmly>
					</Domn>
					<Prtry>
						<Cd>105</Cd>
						<Issr>DK</Issr>
					</Prtry>
				</BkTxCd>
				<NtryDtls>
					<TxDtls>
						<Refs>
							<EndToEndId>Zahlbeleg 320829183307</EndToEndId>
							<TxId>DDA190925BSWI02548700010444</TxId>
							<MndtId>DE000201100200000000000000004641414</MndtId>
							<ClrSysRef>DDA190925BSWI025487</ClrSysRef>
						</Refs>
						<BkTxCd>
							<Domn>
								<Cd>PMNT</Cd>
								<Fmly>
									<Cd>RDDT</Cd>
									<SubFmlyCd>ESDD</SubFmlyCd>
								</Fmly>
							</Domn>
							<Prtry>
								<Cd>NDDT+105+19</Cd>
								<Issr>DK</Issr>
							</Prtry>
						</BkTxCd>
						<RltdPties>
							<Dbtr>
								<Nm>ABS Rechenzentrum GmbH</Nm>
								<PstlAdr>
									<Ctry>DE</Ctry>
									<AdrLine>An der Markthalle 4 09111 Chemnitz DE</AdrLine>
								</PstlAdr>
							</Dbtr>
							<DbtrAcct>
								<Id>
									<IBAN>DE25870200860007404000</IBAN>
								</Id>
							</DbtrAcct>
							<Cdtr>
								<Nm>Telekom Deutschland GmbH</Nm>
								<PstlAdr>
									<Ctry>DE</Ctry>
									<AdrLine>Landgrabenweg 151 53227 Bonn DE</AdrLine>
								</PstlAdr>
								<Id>
									<PrvtId>
										<Othr>
											<Id>DE93ZZZ00000078611</Id>
										</Othr>
									</PrvtId>
								</Id>
							</Cdtr>
							<CdtrAcct>
								<Id>
									<IBAN>DE75370800400232113001</IBAN>
								</Id>
							</CdtrAcct>
						</RltdPties>
						<RltdAgts>
							<DbtrAgt>
								<FinInstnId>
									<BIC>HYVEDEMM497</BIC>
								</FinInstnId>
							</DbtrAgt>
							<CdtrAgt>
								<FinInstnId>
									<BIC>DRESDEFF370</BIC>
								</FinInstnId>
							</CdtrAgt>
						</RltdAgts>
						<Purp>
							<Cd>OTHR</Cd>
						</Purp>
						<RmtInf>
							<Ustrd>Festnetz Vertragskonto 5607576476 RG 9894459991/18.09.2019</Ustrd>
						</RmtInf>
					</TxDtls>
				</NtryDtls>
				<AddtlNtryInf>Lastschrift</AddtlNtryInf>
			</Ntry>
			<Ntry>
				<Amt Ccy="EUR">8.09</Amt>
				<CdtDbtInd>CRDT</CdtDbtInd>
				<Sts>BOOK</Sts>
				<BookgDt>
					<Dt>2019-09-27</Dt>
				</BookgDt>
				<ValDt>
					<Dt>2019-09-27</Dt>
				</ValDt>
				<AcctSvcrRef>0934490044010496</AcctSvcrRef>
				<BkTxCd>
					<Domn>
						<Cd>PMNT</Cd>
						<Fmly>
							<Cd>IDDT</Cd>
							<SubFmlyCd>ESDD</SubFmlyCd>
						</Fmly>
					</Domn>
					<Prtry>
						<Cd>171</Cd>
						<Issr>DK</Issr>
					</Prtry>
				</BkTxCd>
				<NtryDtls>
					<TxDtls>
						<Refs>
							<MsgId>BXM6770442667</MsgId>
							<PmtInfId>BXP6769933724</PmtInfId>
							<InstrId>DDB190925ZHBC02051900000001</InstrId>
							<TxId>DDB190925ZHBC02051900000001</TxId>
							<MndtId>310113</MndtId>
							<ClrSysRef>DDB190925ZHBC020519</ClrSysRef>
						</Refs>
						<BkTxCd>
							<Domn>
								<Cd>PMNT</Cd>
								<Fmly>
									<Cd>IDDT</Cd>
									<SubFmlyCd>ESDD</SubFmlyCd>
								</Fmly>
							</Domn>
							<Prtry>
								<Cd>NDDT+171+50</Cd>
								<Issr>DK</Issr>
							</Prtry>
						</BkTxCd>
						<RltdPties>
							<InitgPty>
								<Nm>A.B.S. RECHENZENTRUM</Nm>
							</InitgPty>
							<Dbtr>
								<Nm>SISSI</Nm>
							</Dbtr>
							<DbtrAcct>
								<Id>
									<IBAN>DE52870540003610001380</IBAN>
								</Id>
							</DbtrAcct>
							<Cdtr>
								<Nm>A.B.S. RECHENZENTRUM</Nm>
								<Id>
									<PrvtId>
										<Othr>
											<Id>DE8400000000356096</Id>
										</Othr>
									</PrvtId>
								</Id>
							</Cdtr>
							<CdtrAcct>
								<Id>
									<IBAN>DE25870200860007404000</IBAN>
								</Id>
							</CdtrAcct>
						</RltdPties>
						<RltdAgts>
							<DbtrAgt>
								<FinInstnId>
									<BIC>WELADED1STB</BIC>
								</FinInstnId>
							</DbtrAgt>
							<CdtrAgt>
								<FinInstnId>
									<BIC>HYVEDEMM497</BIC>
								</FinInstnId>
							</CdtrAgt>
						</RltdAgts>
						<RmtInf>
							<Ustrd>KD 310113 RE 184126</Ustrd>
						</RmtInf>
						<RltdDts>
							<Prtry>
								<Tp>CreationDateTime of Payment Order</Tp>
								<Dt>
									<DtTm>2019-09-25T06:44:16.000+02:00</DtTm>
								</Dt>
							</Prtry>
						</RltdDts>
					</TxDtls>
				</NtryDtls>
				<AddtlNtryInf>SEPA Basislastschrift E.v.</AddtlNtryInf>
			</Ntry>
			<Ntry>
				<Amt Ccy="EUR">12.45</Amt>
				<CdtDbtInd>CRDT</CdtDbtInd>
				<Sts>BOOK</Sts>
				<BookgDt>
					<Dt>2019-09-27</Dt>
				</BookgDt>
				<ValDt>
					<Dt>2019-09-27</Dt>
				</ValDt>
				<AcctSvcrRef>0934490044010497</AcctSvcrRef>
				<BkTxCd>
					<Domn>
						<Cd>PMNT</Cd>
						<Fmly>
							<Cd>IDDT</Cd>
							<SubFmlyCd>ESDD</SubFmlyCd>
						</Fmly>
					</Domn>
					<Prtry>
						<Cd>171</Cd>
						<Issr>DK</Issr>
					</Prtry>
				</BkTxCd>
				<NtryDtls>
					<TxDtls>
						<Refs>
							<MsgId>BXM7290681701</MsgId>
							<PmtInfId>BXP7290618039</PmtInfId>
							<InstrId>DDB190925ZHBC02052100000001</InstrId>
							<TxId>DDB190925ZHBC02052100000001</TxId>
							<MndtId>313901</MndtId>
							<ClrSysRef>DDB190925ZHBC020521</ClrSysRef>
						</Refs>
						<BkTxCd>
							<Domn>
								<Cd>PMNT</Cd>
								<Fmly>
									<Cd>IDDT</Cd>
									<SubFmlyCd>ESDD</SubFmlyCd>
								</Fmly>
							</Domn>
							<Prtry>
								<Cd>NDDT+171+50</Cd>
								<Issr>DK</Issr>
							</Prtry>
						</BkTxCd>
						<RltdPties>
							<InitgPty>
								<Nm>A.B.S. RECHENZENTRUM</Nm>
							</InitgPty>
							<Dbtr>
								<Nm>estethic</Nm>
							</Dbtr>
							<DbtrAcct>
								<Id>
									<IBAN>DE33300400000839949500</IBAN>
								</Id>
							</DbtrAcct>
							<Cdtr>
								<Nm>A.B.S. RECHENZENTRUM</Nm>
								<Id>
									<PrvtId>
										<Othr>
											<Id>DE8400000000356096</Id>
										</Othr>
									</PrvtId>
								</Id>
							</Cdtr>
							<CdtrAcct>
								<Id>
									<IBAN>DE25870200860007404000</IBAN>
								</Id>
							</CdtrAcct>
						</RltdPties>
						<RltdAgts>
							<DbtrAgt>
								<FinInstnId>
									<BIC>COBADEDDXXX</BIC>
								</FinInstnId>
							</DbtrAgt>
							<CdtrAgt>
								<FinInstnId>
									<BIC>HYVEDEMM497</BIC>
								</FinInstnId>
							</CdtrAgt>
						</RltdAgts>
						<RmtInf>
							<Ustrd>KD 313901 RE 177718 inkl. Bankgebuehr</Ustrd>
						</RmtInf>
						<RltdDts>
							<Prtry>
								<Tp>CreationDateTime of Payment Order</Tp>
								<Dt>
									<DtTm>2019-09-25T06:47:36.000+02:00</DtTm>
								</Dt>
							</Prtry>
						</RltdDts>
					</TxDtls>
				</NtryDtls>
				<AddtlNtryInf>SEPA Basislastschrift E.v.</AddtlNtryInf>
			</Ntry>
			<Ntry>
				<Amt Ccy="EUR">18.20</Amt>
				<CdtDbtInd>CRDT</CdtDbtInd>
				<Sts>BOOK</Sts>
				<BookgDt>
					<Dt>2019-09-27</Dt>
				</BookgDt>
				<ValDt>
					<Dt>2019-09-27</Dt>
				</ValDt>
				<AcctSvcrRef>0934490044010498</AcctSvcrRef>
				<BkTxCd>
					<Domn>
						<Cd>PMNT</Cd>
						<Fmly>
							<Cd>IDDT</Cd>
							<SubFmlyCd>ESDD</SubFmlyCd>
						</Fmly>
					</Domn>
					<Prtry>
						<Cd>171</Cd>
						<Issr>DK</Issr>
					</Prtry>
				</BkTxCd>
				<NtryDtls>
					<TxDtls>
						<Refs>
							<MsgId>BXM5610300965</MsgId>
							<PmtInfId>BXP5610837879</PmtInfId>
							<InstrId>DDB190925ZHBC02051200000001</InstrId>
							<TxId>DDB190925ZHBC02051200000001</TxId>
							<MndtId>313753</MndtId>
							<ClrSysRef>DDB190925ZHBC020512</ClrSysRef>
						</Refs>
						<BkTxCd>
							<Domn>
								<Cd>PMNT</Cd>
								<Fmly>
									<Cd>IDDT</Cd>
									<SubFmlyCd>ESDD</SubFmlyCd>
								</Fmly>
							</Domn>
							<Prtry>
								<Cd>NDDT+171+50</Cd>
								<Issr>DK</Issr>
							</Prtry>
						</BkTxCd>
						<RltdPties>
							<InitgPty>
								<Nm>A.B.S. RECHENZENTRUM</Nm>
							</InitgPty>
							<Dbtr>
								<Nm>Pädaktiv</Nm>
							</Dbtr>
							<DbtrAcct>
								<Id>
									<IBAN>DE05500333009100270839</IBAN>
								</Id>
							</DbtrAcct>
							<Cdtr>
								<Nm>A.B.S. RECHENZENTRUM</Nm>
								<Id>
									<PrvtId>
										<Othr>
											<Id>DE8400000000356096</Id>
										</Othr>
									</PrvtId>
								</Id>
							</Cdtr>
							<CdtrAcct>
								<Id>
									<IBAN>DE25870200860007404000</IBAN>
								</Id>
							</CdtrAcct>
						</RltdPties>
						<RltdAgts>
							<DbtrAgt>
								<FinInstnId>
									<BIC>SCFBDE33XXX</BIC>
								</FinInstnId>
							</DbtrAgt>
							<CdtrAgt>
								<FinInstnId>
									<BIC>HYVEDEMM497</BIC>
								</FinInstnId>
							</CdtrAgt>
						</RltdAgts>
						<RmtInf>
							<Ustrd>KD 313753 Restforderung</Ustrd>
						</RmtInf>
						<RltdDts>
							<Prtry>
								<Tp>CreationDateTime of Payment Order</Tp>
								<Dt>
									<DtTm>2019-09-25T06:35:48.000+02:00</DtTm>
								</Dt>
							</Prtry>
						</RltdDts>
					</TxDtls>
				</NtryDtls>
				<AddtlNtryInf>SEPA Basislastschrift E.v.</AddtlNtryInf>
			</Ntry>
			<Ntry>
				<Amt Ccy="EUR">89.25</Amt>
				<CdtDbtInd>CRDT</CdtDbtInd>
				<Sts>BOOK</Sts>
				<BookgDt>
					<Dt>2019-09-27</Dt>
				</BookgDt>
				<ValDt>
					<Dt>2019-09-27</Dt>
				</ValDt>
				<AcctSvcrRef>0934490044010499</AcctSvcrRef>
				<BkTxCd>
					<Domn>
						<Cd>PMNT</Cd>
						<Fmly>
							<Cd>IDDT</Cd>
							<SubFmlyCd>ESDD</SubFmlyCd>
						</Fmly>
					</Domn>
					<Prtry>
						<Cd>171</Cd>
						<Issr>DK</Issr>
					</Prtry>
				</BkTxCd>
				<NtryDtls>
					<TxDtls>
						<Refs>
							<MsgId>BXM6250249060</MsgId>
							<PmtInfId>BXP6249561158</PmtInfId>
							<InstrId>DDB190925ZHBC02051400000001</InstrId>
							<TxId>DDB190925ZHBC02051400000001</TxId>
							<MndtId>742100</MndtId>
							<ClrSysRef>DDB190925ZHBC020514</ClrSysRef>
						</Refs>
						<BkTxCd>
							<Domn>
								<Cd>PMNT</Cd>
								<Fmly>
									<Cd>IDDT</Cd>
									<SubFmlyCd>ESDD</SubFmlyCd>
								</Fmly>
							</Domn>
							<Prtry>
								<Cd>NDDT+171+50</Cd>
								<Issr>DK</Issr>
							</Prtry>
						</BkTxCd>
						<RltdPties>
							<InitgPty>
								<Nm>A.B.S. RECHENZENTRUM</Nm>
							</InitgPty>
							<Dbtr>
								<Nm>El Hei Sa</Nm>
							</Dbtr>
							<DbtrAcct>
								<Id>
									<IBAN>DE79870540003810903123</IBAN>
								</Id>
							</DbtrAcct>
							<Cdtr>
								<Nm>A.B.S. RECHENZENTRUM</Nm>
								<Id>
									<PrvtId>
										<Othr>
											<Id>DE8400000000356096</Id>
										</Othr>
									</PrvtId>
								</Id>
							</Cdtr>
							<CdtrAcct>
								<Id>
									<IBAN>DE25870200860007404000</IBAN>
								</Id>
							</CdtrAcct>
						</RltdPties>
						<RltdAgts>
							<DbtrAgt>
								<FinInstnId>
									<BIC>WELADED1STB</BIC>
								</FinInstnId>
							</DbtrAgt>
							<CdtrAgt>
								<FinInstnId>
									<BIC>HYVEDEMM497</BIC>
								</FinInstnId>
							</CdtrAgt>
						</RltdAgts>
						<RmtInf>
							<Ustrd>KD 742100 RE 183852</Ustrd>
						</RmtInf>
						<RltdDts>
							<Prtry>
								<Tp>CreationDateTime of Payment Order</Tp>
								<Dt>
									<DtTm>2019-09-25T06:41:18.000+02:00</DtTm>
								</Dt>
							</Prtry>
						</RltdDts>
					</TxDtls>
				</NtryDtls>
				<AddtlNtryInf>SEPA Basislastschrift E.v.</AddtlNtryInf>
			</Ntry>
		</Stmt>
	</BkToCstmrStmt>
</Document>